2572 4020
36 248 82 288 ιιι
286 232 292 243 ·
366 213 613 290 reseram

37 389 75 452 ad
96 390 240 453 miserum
273 389 348 452 illud
365 392 554 475 perfugium
583 412 763 469 recurrere,
799 415 865 477 quo
892 398 941 460 usi
953 423 968 443 ,-

36 486 106 535 sunt
131 475 269 548 Vossius,
292 475 328 533 t.
351 473 387 534 de
410 477 504 554 politis
524 474 599 550 lat,
621 475 774 538 Fabricius
794 479 940 543 biblioth.
979 521 985 534 „
998 471 1021 538 :l

35 555 88 617 lat.
109 569 140 618 et
161 555 211 616 alii
224 556 329 618 Critiei
341 559 526 638 complures,
550 560 695 620 Senecam
708 559 800 644 loqui
820 563 858 624 de
870 565 940 626 llo·
972 570 1014 633 ἐς

37 640 134 701 manis
154 639 371 720 scriptoribus3
406 640 562 702 Phaedrum
585 656 686 703 autem
717 643 807 705 fuisse
827 645 939 707 barba·

36 742 116 782 rum.
159 724 228 804 lpse
249 722 330 783 enim
350 722 527 804 scriptorem
549 745 579 784 se
602 725 794 804 Romanum,
825 729 859 788 t.
881 729 938 809 tt,

35 803 116 886 Epil.
136 826 165 865 v.
182 807 229 882 ·8.,
253 820 471 867 commonstrat
490 805 537 868 his
557 807 688 870 verbisr

121 886 256 964 Quodsi
277 886 375 950 labori
396 889 503 950 laverit
523 890 643 951 Latium
663 911 756 965 meo,
982 936 1023 969 ·.·

118 969 221 1032 Plures
241 968 364 1032 habebit
374 1015 385 1047 ‚
406 993 481 1054 quos
502 993 522 1034 o
543 988 636 1054 ponat
656 973 786 1034 Greeiae,
813 998 815 1007 Ὗ
952 964 1015 1061 dl,

35 1052 77 1113 bt
98 1051 218 1113 Latium
240 1053 322 1116 certe
345 1054 418 1116 fovit
438 1057 502 1134 ejus
521 993 641 1118 labori:
671 1076 746 1138 ergo
766 1056 936 1121 censendus
972 1060 1017 1131 ,ὲέξῖ

34 1132 86 1195 ille
106 1149 151 1197 est
172 1157 248 1196 unus
280 1157 319 1198 ex
341 1137 403 1199 istis
422 1136 582 1219 pluribus,
615 1160 691 1223 quos
712 1141 852 1215 betium,
872 1140 935 1218 sive
977 1134 1039 1221 ’ζμ

35 1218 134 1299 Roma
168 1218 287 1280 Greciae
325 1220 432 1300 possit
452 1241 624 1300 opponere:
670 1243 745 1305 ergo
781 1224 936 1285 Romanus
975 1202 1017 1305 li}

34 1300 164 1381 scriptor
197 1298 350 1363 habendus
384 1314 437 1362 cst.
491 1301 522 1363 Si
555 1304 621 1384 quis
653 1303 727 1364 olim
760 1306 938 1385 Romanus,
971 1302 1011 1387 ‘lb

34 1405 92 1443 suae
121 1385 227 1446 Gentis
259 1383 443 1457 admirator,
476 1381 593 1463 ingenia
628 1384 769 1447 voluisset
797 1390 935 1449 Romana
969 1426 979 1465 2
989 1386 1000 1399 ”

34 1456 208 1537 celebrare,
241 1485 306 1544 quae
326 1483 358 1525 se
378 1463 410 1524 in
443 1463 602 1526 Comoediis
623 1465 722 1526 latinis
747 1469 935 1547 expoliendis
967 1484 978 1531 ,ἰ
996 1521 1008 1527 ..

34 1570 105 1609 cum
126 1545 214 1606 laude
235 1545 459 1617 exercuissent,
481 1569 519 1608 an
541 1548 737 1624 Terentium,
759 1548 841 1631 quod
862 1551 935 1613 Afer
968 1546 1012 1627 {jz

34 1641 125 1710 gente
145 1627 257 1702 fuerit,
288 1628 459 1690 omisisset?
494 1627 632 1690 Phaedrus
667 1649 761 1711 crgo,
794 1631 877 1714 sque
898 1652 935 1694 ac

33 1710 214 1786 Terentius,
248 1710 326 1772 inter
360 1711 546 1793 scriptores,
581 1733 644 1773 non
679 1713 843 1788 barbaros,
882 1713 935 1777 sed
962 1712 1016 1797 3:..'·}⁴.''

33 1791 188 1854 Romanos
208 1792 298 1855 debet
323 1793 481 1856 recenseri.
695 1800 698 1807 '
962 1800 980 1873 l

95 1873 183 1936 Nune
205 1876 361 1956 praeditum
385 1877 547 1937 Auctorem
575 1891 713 1939 nostrum
735 1875 825 1939 fuisse
844 1877 935 1961 inge·
966 1884 1012 1957 ζμ

35 1956 87 2038 nio
107 1957 232 2037 paulitm
263 1961 373 2020 acerbo
408 1958 619 2042 aericuloque,
652 1981 690 2022 ex
721 1960 811 2022 variis
842 1982 935 2042 supra
974 1962 1016 2049 “23

34 2041 208 2103 memoratis
228 2042 376 2123 exemplis
396 2040 565 2125 intelligere
585 2041 665 2105 licet.
706 2044 824 2105 Urbem
845 2064 934 2105 nem·

34 2142 89 2203 pe,
111 2137 142 2184 et
161 2122 331 2205 populum,
354 2137 384 2186 et
405 2124 555 2208 principes
575 2124 635 2186 sale
654 2126 751 2188 multo
773 2125 933 2201 defricuit;
962 2126 1015 2191 {⁸2

34 2205 208 2288 fabellisque
229 2207 293 2286 ejus
314 2206 466 2268 nonnullae
486 2207 645 2290 qnamdam
667 2211 863 2294 Satyrorum,
884 2207 934 2266 fe·

33 2286 139 2350 stivam
161 2287 302 2370 quidem,
338 2303 369 2350 at
390 2288 547 2353 molestam
568 2293 721 2367 sontibus,
755 2288 942 2351 amaritudi·
965 2306 1006 2373 ἢ(

34 2391 105 2432 nem
127 2367 257 2445 babent3
291 2371 406 2456 ipsique
428 2374 507 2434 forte
527 2376 621 2456 possis
642 2374 829 2448 adscribere,
851 2370 933 2455 quod
963 2380 1012 2459 ’ἢῖξὲ

33 2451 71 2514 de
91 2451 224 2517 Horatio
241 2454 447 2517 Flaccbdixit
467 2459 532 2517 Sat.
558 2481 593 2532 n,
617 2479 648 2515 v.
675 2459 739 2517 116.
763 2454 899 2516 Persius:
959 2458 1013 2543 13}

117 2537 219 2598 Omne
240 2539 323 2599 safer
343 2539 449 2599 vitium
471 2538 588 2601 ridendi
607 2540 764 2600 Phoedrns
784 2538 884 2599 amico
964 2542 1013 2621 ζῆ

116 2619 228 2700 Tangit
247 2634 278 2682 et
299 2620 442 2684 admissus
463 2622 579 2684 circium
599 2620 764 2705 praecordia
783 2618 883 2695 ludit,
959 2613 1013 2699 ³35,

114 2700 247 2764 Callidus
267 2724 392 2766 excusso
413 2704 559 2786 populum
585 2703 765 2784 suspendere
787 2722 869 2764 naso.
960 2702 1011 2781 ,ξ’

33 2783 107 2862 Ejus
126 2797 228 2846 autem
248 2785 280 2846 in
298 2785 457 2848 hominum
479 2788 539 2849 vita
552 2787 747 2868 moribusque
769 2784 931 2846 ostenden·
953 2780 1006 2867 lig,

33 2867 79 2928 dis
91 2865 213 2929 libertas
234 2869 325 2950 paulo
342 2871 467 2932 fortasse
488 2868 640 2944 audacior,
663 2866 830 2949 improvida
851 2867 945 2929 certis*
960 2868 1011 2947 ’μζ-ξ·-

34 2963 65 3012 et
86 2951 211 3012 ductori
233 2952 394 3027 damnosa,
427 2952 545 3013 videtur
567 2951 655 3012 fuisse
681 2952 842 3030 conjuncta
862 2970 934 3010 cum
952 2948 1016 3019 ,TE

33 3053 138 3094 umore
158 3055 268 3116 magno
290 3035 468 3116 probitatis:
503 3055 572 3094 nam
587 3034 610 3102 ¹is
632 3035 711 3094 vitiis
731 3032 770 3093 ad
789 3033 933 3095 virtutem

34 3116 149 3176 animos
170 3117 277 3196 passim
297 3132 425 3179 conatur
446 3115 623 3177 traducere:
646 3115 706 3177 buc
719 3116 809 3176 etiem
830 3137 934 3177 acces·
955 3116 1015 3195 ’.ῗῗῖἳ

35 3198 107 3259 serit
129 3219 253 3260 necesse·
279 3213 323 3261 est
344 3200 413 3261 satis
435 3219 595 3280 generosus
629 3199 796 3281 nobilisque
818 3198 936 3260 divitia·
953 3192 1009 3281 ‘iifl'

33 3303 103 3341 rum
124 3295 332 3362 contemptus,
354 3283 378 3342 si
399 3279 651 3362 quemadmoditm
672 3283 734 3362 ipse
759 3283 792 3343 b.
805 3278 867 3360 'V.,
901 3284 926 3343 F
929 3323 937 3339 .
951 3276 1016 3375 tr]

36 3366 75 3442 4.,
97 3385 126 3424 v·
150 3369 190 3438 8.,
212 3378 243 3423 et
267 3367 299 3422 t.
322 3365 391 3437 Ill.',
414 3363 491 3424 Prol.
513 3386 543 3424 v.
568 3385 627 3439 21„
649 3365 809 3445 praedicat:

118 3444 320 3506 Periculosum
341 3467 458 3526 semper
480 3452 628 3528 reputaris
647 3448 783 3524 lucrum,

118 3527 288 3610 Curamque
310 3527 439 3592 habendi
460 3529 578 3614 penitius
601 3531 692 3594 corde
713 3534 849 3594 eraserit.
952 3522 985 3657 ζ

953 3408 1020 3477 (lt-dmm?

925 3502 932 3513 x
952 3478 979 3513 'w
992 3472 1008 3501 ,f
