<?xml version="1.0" encoding="UTF-8"?>
<!DOCTYPE html PUBLIC "-//W3C//DTD XHTML 1.0 Transitional//EN"
    "http://www.w3.org/TR/xhtml1/DTD/xhtml1-transitional.dtd">
<html xmlns="http://www.w3.org/1999/xhtml" xml:lang="en" lang="en">
 <head>
  <title>
</title>
<meta http-equiv="Content-Type" content="text/html;charset=utf-8" />
  <meta name='ocr-system' content='tesseract 3.04.00' />
  <meta name='ocr-capabilities' content='ocr_page ocr_carea ocr_par ocr_line ocrx_word'/>
</head>
<body>
  <div class='ocr_page' id='page_1' title='image "./fabvlarvmaesopi00phaegoog_0018.png"; bbox 0 0 2572 4020; ppageno 0'>
   <div class='ocr_carea' id='block_1_1' title="bbox 542 207 1115 336">
    <p class='ocr_par' dir='ltr' id='par_1_1' title="bbox 542 207 1115 336">
     <span class='ocr_line' id='line_1_1' title="bbox 542 207 1115 336; baseline -0.007 -28"><span class='ocrx_word' id='word_1_1' title='bbox 542 210 764 336; x_wconf 63' lang='lat' dir='ltr'><strong>&#39;urserat</strong></span> <span class='ocrx_word' id='word_1_2' title='bbox 807 207 810 213; x_wconf 65' lang='grc'><strong>’</strong></span> <span class='ocrx_word' id='word_1_3' title='bbox 1082 265 1115 306; x_wconf 72' lang='lat' dir='ltr'><strong>n</strong></span> 
     </span>
    </p>
   </div>
   <div class='ocr_carea' id='block_1_2' title="bbox 182 409 1220 3299">
    <p class='ocr_par' dir='ltr' id='par_1_2' title="bbox 217 409 1176 1397">
     <span class='ocr_line' id='line_1_2' title="bbox 218 409 1151 494; baseline -0.01 -16"><span class='ocrx_word' id='word_1_4' title='bbox 218 414 301 478; x_wconf 90' lang='lat' dir='ltr'><strong>euim</strong></span> <span class='ocrx_word' id='word_1_5' title='bbox 322 412 500 475; x_wconf 89' lang='lat' dir='ltr'><strong>adumbrare</strong></span> <span class='ocrx_word' id='word_1_6' title='bbox 521 412 683 488; x_wconf 88' lang='lat' dir='ltr'><strong>neminem,</strong></span> <span class='ocrx_word' id='word_1_7' title='bbox 707 413 795 494; x_wconf 76' lang='lat' dir='ltr'><strong>quam</strong></span> <span class='ocrx_word' id='word_1_8' title='bbox 820 413 984 472; x_wconf 77' lang='lat' dir='ltr'><strong>Auctorem</strong></span> <span class='ocrx_word' id='word_1_9' title='bbox 1007 409 1117 489; x_wconf 90' lang='lat' dir='ltr'><strong>ipsum,</strong></span> <span class='ocrx_word' id='word_1_10' title='bbox 1148 484 1151 493; x_wconf 23' lang='grc' dir='ltr'>ι</span> 
     </span>
     <span class='ocr_line' id='line_1_3' title="bbox 217 493 1119 581; baseline -0.008 -22"><span class='ocrx_word' id='word_1_11' title='bbox 217 496 318 581; x_wconf 90' lang='lat' dir='ltr'><strong>potuit</strong></span> <span class='ocrx_word' id='word_1_12' title='bbox 338 497 426 557; x_wconf 88' lang='lat' dir='ltr'><strong>Canis</strong></span> <span class='ocrx_word' id='word_1_13' title='bbox 448 494 498 554; x_wconf 90' lang='lat' dir='ltr'><strong>ille</strong></span> <span class='ocrx_word' id='word_1_14' title='bbox 519 497 687 571; x_wconf 80' lang='lat' dir='ltr'><strong>seusticus,</strong></span> <span class='ocrx_word' id='word_1_15' title='bbox 713 497 799 556; x_wconf 82' lang='lat' dir='ltr'><strong>lbrtis</strong></span> <span class='ocrx_word' id='word_1_16' title='bbox 812 494 886 554; x_wconf 87' lang='lat' dir='ltr'><strong>olim</strong></span> <span class='ocrx_word' id='word_1_17' title='bbox 899 493 1038 554; x_wconf 86' lang='lat' dir='ltr'><strong>adversus</strong></span> <span class='ocrx_word' id='word_1_18' title='bbox 1050 510 1119 554; x_wconf 57' lang='lat' dir='ltr'><strong>utu-⁴</strong></span> 
     </span>
     <span class='ocr_line' id='line_1_4' title="bbox 219 575 1118 658; baseline -0.01 -16"><span class='ocrx_word' id='word_1_19' title='bbox 219 601 273 642; x_wconf 86' lang='lat' dir='ltr'><strong>nes</strong></span> <span class='ocrx_word' id='word_1_20' title='bbox 296 579 398 650; x_wconf 86' lang='lat' dir='ltr'><strong>feras,</strong></span> <span class='ocrx_word' id='word_1_21' title='bbox 430 598 510 637; x_wconf 90' lang='lat' dir='ltr'><strong>nuuc</strong></span> <span class='ocrx_word' id='word_1_22' title='bbox 531 579 754 658; x_wconf 77' lang='lat' dir='ltr'>ingravantibus</span> <span class='ocrx_word' id='word_1_23' title='bbox 767 578 851 638; x_wconf 88' lang='lat' dir='ltr'><strong>aunis</strong></span> <span class='ocrx_word' id='word_1_24' title='bbox 872 575 1062 649; x_wconf 69' lang='lat' dir='ltr'>debilitatus,</span> <span class='ocrx_word' id='word_1_25' title='bbox 1084 587 1118 634; x_wconf 91' lang='lat' dir='ltr'><strong>ut</strong></span> 
     </span>
     <span class='ocr_line' id='line_1_5' title="bbox 220 659 1118 745; baseline -0.008 -22"><span class='ocrx_word' id='word_1_26' title='bbox 220 663 292 745; x_wconf 90' lang='lat' dir='ltr'><strong>qui,</strong></span> <span class='ocrx_word' id='word_1_27' title='bbox 324 659 465 742; x_wconf 89' lang='lat' dir='ltr'><strong>praedam</strong></span> <span class='ocrx_word' id='word_1_28' title='bbox 486 661 510 720; x_wconf 91' lang='lat' dir='ltr'><strong>si</strong></span> <span class='ocrx_word' id='word_1_29' title='bbox 532 662 711 740; x_wconf 77' lang='lat' dir='ltr'><strong>arripuerit,</strong></span> <span class='ocrx_word' id='word_1_30' title='bbox 747 660 884 722; x_wconf 83' lang='lat' dir='ltr'>dentibus</span> <span class='ocrx_word' id='word_1_31' title='bbox 905 680 975 720; x_wconf 86' lang='lat' dir='ltr'><strong>euru</strong></span> <span class='ocrx_word' id='word_1_32' title='bbox 996 659 1118 719; x_wconf 89' lang='lat' dir='ltr'><strong>cariosis</strong></span> 
     </span>
     <span class='ocr_line' id='line_1_6' title="bbox 219 739 1116 823; baseline -0.007 -17"><span class='ocrx_word' id='word_1_33' title='bbox 219 745 358 806; x_wconf 87' lang='lat' dir='ltr'><strong>dimittat.</strong></span> <span class='ocrx_word' id='word_1_34' title='bbox 403 739 551 804; x_wconf 82' lang='lat' dir='ltr'><strong>Philerum</strong></span> <span class='ocrx_word' id='word_1_35' title='bbox 583 744 655 802; x_wconf 87' lang='lat' dir='ltr'><strong>dicit</strong></span> <span class='ocrx_word' id='word_1_36' title='bbox 677 742 813 804; x_wconf 76' lang='lat' dir='ltr'><strong>Phaedrus</strong></span> <span class='ocrx_word' id='word_1_37' title='bbox 834 741 960 823; x_wconf 77' lang='lat' dir='ltr'><strong>pulchre</strong></span> <span class='ocrx_word' id='word_1_38' title='bbox 995 739 1116 815; x_wconf 85' lang='lat' dir='ltr'><strong>ridere,</strong></span> 
     </span>
     <span class='ocr_line' id='line_1_7' title="bbox 219 822 1119 906; baseline -0.008 -18"><span class='ocrx_word' id='word_1_39' title='bbox 219 842 275 888; x_wconf 88' lang='lat' dir='ltr'><strong>cur</strong></span> <span class='ocrx_word' id='word_1_40' title='bbox 298 826 356 886; x_wconf 89' lang='lat' dir='ltr'><strong>hoc</strong></span> <span class='ocrx_word' id='word_1_41' title='bbox 378 823 549 906; x_wconf 81' lang='lat' dir='ltr'><strong>scripserit:</strong></span> <span class='ocrx_word' id='word_1_42' title='bbox 582 846 635 883; x_wconf 86' lang='lat' dir='ltr'><strong>nos</strong></span> <span class='ocrx_word' id='word_1_43' title='bbox 657 839 686 884; x_wconf 89' lang='lat' dir='ltr'><strong>et</strong></span> <span class='ocrx_word' id='word_1_44' title='bbox 707 825 825 899; x_wconf 88' lang='lat' dir='ltr'><strong>videre,</strong></span> <span class='ocrx_word' id='word_1_45' title='bbox 851 825 880 884; x_wconf 86' lang='lat' dir='ltr'><strong>ni</strong></span> <span class='ocrx_word' id='word_1_46' title='bbox 903 822 991 884; x_wconf 81' lang='lat' dir='ltr'><strong>fallor</strong></span> <span class='ocrx_word' id='word_1_47' title='bbox 1003 868 1012 898; x_wconf 93' lang='lat'><strong>,</strong></span> <span class='ocrx_word' id='word_1_48' title='bbox 1035 823 1119 903; x_wconf 86' lang='lat' dir='ltr'><strong>pari-</strong></span> 
     </span>
     <span class='ocr_line' id='line_1_8' title="bbox 220 904 1176 988; baseline -0.006 -18"><span class='ocrx_word' id='word_1_49' title='bbox 220 923 267 971; x_wconf 88' lang='lat' dir='ltr'><strong>ter</strong></span> <span class='ocrx_word' id='word_1_50' title='bbox 298 928 475 988; x_wconf 89' lang='lat' dir='ltr'><strong>possumus.</strong></span> <span class='ocrx_word' id='word_1_51' title='bbox 511 907 640 966; x_wconf 82' lang='lat' dir='ltr'>Romam</span> <span class='ocrx_word' id='word_1_52' title='bbox 668 908 781 968; x_wconf 88' lang='lat' dir='ltr'><strong>scilicet</strong></span> <span class='ocrx_word' id='word_1_53' title='bbox 813 907 957 968; x_wconf 78' lang='lat' dir='ltr'><strong>refertam</strong></span> <span class='ocrx_word' id='word_1_54' title='bbox 988 904 1119 968; x_wconf 73' lang='lat' dir='ltr'><strong>scelestis</strong></span> <span class='ocrx_word' id='word_1_55' title='bbox 1173 970 1176 973; x_wconf 56' lang='grc'><strong>,</strong></span> 
     </span>
     <span class='ocr_line' id='line_1_9' title="bbox 220 987 1119 1068; baseline -0.002 -19"><span class='ocrx_word' id='word_1_56' title='bbox 220 990 411 1062; x_wconf 85' lang='lat' dir='ltr'><strong>hominibus,</strong></span> <span class='ocrx_word' id='word_1_57' title='bbox 449 1008 504 1051; x_wconf 85' lang='lat' dir='ltr'><strong>ceu</strong></span> <span class='ocrx_word' id='word_1_58' title='bbox 537 989 682 1048; x_wconf 86' lang='lat' dir='ltr'><strong>vivarium</strong></span> <span class='ocrx_word' id='word_1_59' title='bbox 703 990 790 1062; x_wconf 82' lang='lat' dir='ltr'><strong>feris,</strong></span> <span class='ocrx_word' id='word_1_60' title='bbox 825 1008 900 1068; x_wconf 85' lang='lat' dir='ltr'><strong>saepe</strong></span> <span class='ocrx_word' id='word_1_61' title='bbox 932 987 1119 1049; x_wconf 86' lang='lat' dir='ltr'><strong>incessiverat</strong></span> 
     </span>
     <span class='ocr_line' id='line_1_10' title="bbox 221 1065 1119 1155; baseline -0.006 -20"><span class='ocrx_word' id='word_1_62' title='bbox 221 1065 433 1155; x_wconf 82' lang='lat' dir='ltr'><strong>objurgatoriis</strong></span> <span class='ocrx_word' id='word_1_63' title='bbox 447 1071 579 1131; x_wconf 84' lang='lat' dir='ltr'><strong>versibus</strong></span> <span class='ocrx_word' id='word_1_64' title='bbox 591 1117 599 1144; x_wconf 94' lang='lat'><strong>,</strong></span> <span class='ocrx_word' id='word_1_65' title='bbox 622 1084 653 1131; x_wconf 90' lang='lat' dir='ltr'><strong>et</strong></span> <span class='ocrx_word' id='word_1_66' title='bbox 666 1073 864 1151; x_wconf 81' lang='lat' dir='ltr'><strong>exagitaverat</strong></span> <span class='ocrx_word' id='word_1_67' title='bbox 876 1069 994 1131; x_wconf 87' lang='lat' dir='ltr'><strong>fortiter</strong></span> <span class='ocrx_word' id='word_1_68' title='bbox 1007 1093 1015 1131; x_wconf 75' lang='lat' dir='ltr'><strong><em>z</em></strong></span> <span class='ocrx_word' id='word_1_69' title='bbox 1038 1092 1119 1131; x_wconf 88' lang='lat' dir='ltr'><strong>nuuc</strong></span> 
     </span>
     <span class='ocr_line' id='line_1_11' title="bbox 220 1152 1120 1234; baseline -0.006 -17"><span class='ocrx_word' id='word_1_70' title='bbox 220 1155 351 1230; x_wconf 89' lang='lat' dir='ltr'><strong>seniori,</strong></span> <span class='ocrx_word' id='word_1_71' title='bbox 385 1153 583 1234; x_wconf 86' lang='lat' dir='ltr'><strong>gravibusque</strong></span> <span class='ocrx_word' id='word_1_72' title='bbox 605 1154 643 1214; x_wconf 88' lang='lat' dir='ltr'><strong>ob</strong></span> <span class='ocrx_word' id='word_1_73' title='bbox 667 1154 696 1212; x_wconf 90' lang='lat' dir='ltr'><strong>id</strong></span> <span class='ocrx_word' id='word_1_74' title='bbox 719 1157 815 1233; x_wconf 91' lang='lat' dir='ltr'><strong>ipsum</strong></span> <span class='ocrx_word' id='word_1_75' title='bbox 848 1152 1019 1212; x_wconf 83' lang='lat' dir='ltr'><strong>infortuniis</strong></span> <span class='ocrx_word' id='word_1_76' title='bbox 1040 1152 1120 1213; x_wconf 84' lang='lat' dir='ltr'><strong>mul-</strong></span> 
     </span>
     <span class='ocr_line' id='line_1_12' title="bbox 221 1233 1119 1317; baseline -0.006 -19"><span class='ocrx_word' id='word_1_77' title='bbox 221 1252 325 1313; x_wconf 89' lang='lat' dir='ltr'><strong>ctato,</strong></span> <span class='ocrx_word' id='word_1_78' title='bbox 348 1257 445 1316; x_wconf 89' lang='lat' dir='ltr'><strong>neque</strong></span> <span class='ocrx_word' id='word_1_79' title='bbox 467 1235 545 1296; x_wconf 85' lang='lat' dir='ltr'><strong>vires</strong></span> <span class='ocrx_word' id='word_1_80' title='bbox 566 1250 749 1316; x_wconf 90' lang='lat' dir='ltr'><strong>suppetunt,</strong></span> <span class='ocrx_word' id='word_1_81' title='bbox 784 1255 881 1317; x_wconf 89' lang='lat' dir='ltr'><strong>neque</strong></span> <span class='ocrx_word' id='word_1_82' title='bbox 902 1234 1005 1296; x_wconf 88' lang='lat' dir='ltr'><strong>eadem</strong></span> <span class='ocrx_word' id='word_1_83' title='bbox 1027 1233 1119 1314; x_wconf 84' lang='lat' dir='ltr'><strong>porrb</strong></span> 
     </span>
     <span class='ocr_line' id='line_1_13' title="bbox 222 1317 916 1397; baseline -0.014 -16"><span class='ocrx_word' id='word_1_84' title='bbox 222 1319 331 1381; x_wconf 89' lang='lat' dir='ltr'><strong>audere</strong></span> <span class='ocrx_word' id='word_1_85' title='bbox 352 1317 480 1397; x_wconf 85' lang='lat' dir='ltr'><strong>expedit.</strong></span> <span class='ocrx_word' id='word_1_86' title='bbox 913 1366 916 1371; x_wconf 90' lang='lat'>.</span> 
     </span>
    </p>

    <p class='ocr_par' dir='ltr' id='par_1_3' title="bbox 182 1397 1220 3299">
     <span class='ocr_line' id='line_1_14' title="bbox 285 1397 1122 1481; baseline -0.006 -19"><span class='ocrx_word' id='word_1_87' title='bbox 285 1399 362 1462; x_wconf 81' lang='lat' dir='ltr'><strong>Clam</strong></span> <span class='ocrx_word' id='word_1_88' title='bbox 385 1400 521 1461; x_wconf 84' lang='lat' dir='ltr'><strong>Phaedrus</strong></span> <span class='ocrx_word' id='word_1_89' title='bbox 542 1400 610 1481; x_wconf 88' lang='lat' dir='ltr'><strong>post</strong></span> <span class='ocrx_word' id='word_1_90' title='bbox 632 1413 761 1462; x_wconf 88' lang='lat' dir='ltr'><strong>mortem</strong></span> <span class='ocrx_word' id='word_1_91' title='bbox 796 1399 894 1478; x_wconf 77' lang='lat' dir='ltr'><strong>Seiani</strong></span> <span class='ocrx_word' id='word_1_92' title='bbox 916 1397 1051 1458; x_wconf 91' lang='lat' dir='ltr'><strong>nondum</strong></span> <span class='ocrx_word' id='word_1_93' title='bbox 1072 1417 1122 1458; x_wconf 87' lang='lat' dir='ltr'><strong>es·</strong></span> 
     </span>
     <span class='ocr_line' id='line_1_15' title="bbox 224 1480 1171 1558; baseline -0.006 -12"><span class='ocrx_word' id='word_1_94' title='bbox 224 1498 269 1547; x_wconf 90' lang='lat' dir='ltr'><strong>set</strong></span> <span class='ocrx_word' id='word_1_95' title='bbox 290 1484 305 1543; x_wconf 79' lang='grc' dir='ltr'>ὲ</span> <span class='ocrx_word' id='word_1_96' title='bbox 326 1483 385 1545; x_wconf 89' lang='lat' dir='ltr'><strong>suis</strong></span> <span class='ocrx_word' id='word_1_97' title='bbox 406 1482 532 1545; x_wconf 83' lang='lat' dir='ltr'><strong>miseriis</strong></span> <span class='ocrx_word' id='word_1_98' title='bbox 559 1483 741 1558; x_wconf 83' lang='lat' dir='ltr'><strong>extricatus,</strong></span> <span class='ocrx_word' id='word_1_99' title='bbox 775 1483 812 1547; x_wconf 86' lang='lat' dir='ltr'><strong>ad</strong></span> <span class='ocrx_word' id='word_1_100' title='bbox 834 1503 927 1542; x_wconf 89' lang='lat' dir='ltr'><strong>unum</strong></span> <span class='ocrx_word' id='word_1_101' title='bbox 950 1481 966 1540; x_wconf 75' lang='grc' dir='ltr'>ὲ</span> <span class='ocrx_word' id='word_1_102' title='bbox 987 1480 1047 1541; x_wconf 88' lang='lat' dir='ltr'><strong>suis</strong></span> <span class='ocrx_word' id='word_1_103' title='bbox 1067 1480 1123 1540; x_wconf 88' lang='lat' dir='ltr'><strong>Pa·</strong></span> <span class='ocrx_word' id='word_1_104' title='bbox 1167 1485 1171 1491; x_wconf 83' lang='lat'>&#39;</span> 
     </span>
     <span class='ocr_line' id='line_1_16' title="bbox 226 1558 1122 1644; baseline -0.009 -16"><span class='ocrx_word' id='word_1_105' title='bbox 226 1567 320 1629; x_wconf 84' lang='lat' dir='ltr'><strong>troms</strong></span> <span class='ocrx_word' id='word_1_106' title='bbox 341 1586 420 1627; x_wconf 86' lang='lat' dir='ltr'><strong>anuo</strong></span> <span class='ocrx_word' id='word_1_107' title='bbox 441 1564 566 1644; x_wconf 77' lang='lat' dir='ltr'><strong>Christi</strong></span> <span class='ocrx_word' id='word_1_108' title='bbox 588 1558 707 1627; x_wconf 86' lang='lat' dir='ltr'><strong>circiter</strong></span> <span class='ocrx_word' id='word_1_109' title='bbox 742 1566 849 1626; x_wconf 85' lang='lat' dir='ltr'><strong>XXXl</strong></span> <span class='ocrx_word' id='word_1_110' title='bbox 882 1563 1052 1636; x_wconf 88' lang='lat' dir='ltr'><strong>scribebat,</strong></span> <span class='ocrx_word' id='word_1_111' title='bbox 1088 1562 1122 1620; x_wconf 86' lang='lat' dir='ltr'><strong>L.</strong></span> 
     </span>
     <span class='ocr_line' id='line_1_17' title="bbox 220 1645 1123 1730; baseline -0.006 -21"><span class='ocrx_word' id='word_1_112' title='bbox 220 1647 391 1730; x_wconf 79' lang='lat' dir='ltr'><strong>1V.,Eptt.</strong></span> <span class='ocrx_word' id='word_1_113' title='bbox 414 1670 440 1707; x_wconf 86' lang='lat' dir='ltr'><strong>v.</strong></span> <span class='ocrx_word' id='word_1_114' title='bbox 468 1650 522 1721; x_wconf 80' lang='lat'><strong>16,</strong></span> <span class='ocrx_word' id='word_1_115' title='bbox 545 1647 634 1729; x_wconf 73' lang='lat' dir='ltr'><strong>louge</strong></span> <span class='ocrx_word' id='word_1_116' title='bbox 655 1650 771 1723; x_wconf 90' lang='lat' dir='ltr'><strong>abesse,</strong></span> <span class='ocrx_word' id='word_1_117' title='bbox 802 1661 835 1707; x_wconf 88' lang='lat' dir='ltr'><strong>ut</strong></span> <span class='ocrx_word' id='word_1_118' title='bbox 856 1649 942 1710; x_wconf 89' lang='lat' dir='ltr'><strong>fieret</strong></span> <span class='ocrx_word' id='word_1_119' title='bbox 964 1651 1047 1706; x_wconf 82' lang='lat' dir='ltr'><strong>senio</strong></span> <span class='ocrx_word' id='word_1_120' title='bbox 1060 1645 1123 1723; x_wconf 84' lang='lat' dir='ltr'><strong>¹de·</strong></span> 
     </span>
     <span class='ocr_line' id='line_1_18' title="bbox 216 1725 1122 1811; baseline -0.004 -20"><span class='ocrx_word' id='word_1_121' title='bbox 216 1733 303 1792; x_wconf 73' lang='lat' dir='ltr'><strong>bilis.</strong></span> <span class='ocrx_word' id='word_1_122' title='bbox 346 1729 435 1792; x_wconf 88' lang='lat' dir='ltr'><strong>Unde</strong></span> <span class='ocrx_word' id='word_1_123' title='bbox 466 1730 616 1809; x_wconf 88' lang='lat' dir='ltr'><strong>conjicere</strong></span> <span class='ocrx_word' id='word_1_124' title='bbox 648 1729 737 1804; x_wconf 87' lang='lat' dir='ltr'><strong>licet,</strong></span> <span class='ocrx_word' id='word_1_125' title='bbox 773 1730 902 1811; x_wconf 88' lang='lat' dir='ltr'><strong>potuisse</strong></span> <span class='ocrx_word' id='word_1_126' title='bbox 933 1750 1002 1791; x_wconf 89' lang='lat' dir='ltr'><strong>cum</strong></span> <span class='ocrx_word' id='word_1_127' title='bbox 1034 1725 1122 1787; x_wconf 74' lang='lat' dir='ltr'><strong>facile</strong></span> 
     </span>
     <span class='ocr_line' id='line_1_19' title="bbox 222 1811 1123 1896; baseline -0.007 -21"><span class='ocrx_word' id='word_1_128' title='bbox 222 1814 380 1896; x_wconf 80' lang='lat' dir='ltr'><strong>pervenire</strong></span> <span class='ocrx_word' id='word_1_129' title='bbox 415 1812 451 1873; x_wconf 88' lang='lat' dir='ltr'><strong>ad</strong></span> <span class='ocrx_word' id='word_1_130' title='bbox 485 1833 597 1874; x_wconf 89' lang='lat' dir='ltr'><strong>annum</strong></span> <span class='ocrx_word' id='word_1_131' title='bbox 627 1812 743 1874; x_wconf 85' lang='lat' dir='ltr'><strong>Claudii</strong></span> <span class='ocrx_word' id='word_1_132' title='bbox 775 1812 948 1893; x_wconf 90' lang='lat' dir='ltr'><strong>imperantis</strong></span> <span class='ocrx_word' id='word_1_133' title='bbox 981 1811 1123 1882; x_wconf 76' lang='lat' dir='ltr'><strong>tertium3</strong></span> 
     </span>
     <span class='ocr_line' id='line_1_20' title="bbox 182 1894 1124 1978; baseline -0.004 -23"><span class='ocrx_word' id='word_1_134' title='bbox 182 1934 187 1942; x_wconf 86' lang='lat'><em>-</em></span> <span class='ocrx_word' id='word_1_135' title='bbox 224 1918 285 1978; x_wconf 91' lang='lat' dir='ltr'><strong>quo</strong></span> <span class='ocrx_word' id='word_1_136' title='bbox 307 1915 385 1957; x_wconf 90' lang='lat' dir='ltr'><strong>anuo</strong></span> <span class='ocrx_word' id='word_1_137' title='bbox 407 1897 520 1956; x_wconf 84' lang='lat' dir='ltr'><strong>Seneca</strong></span> <span class='ocrx_word' id='word_1_138' title='bbox 541 1898 657 1976; x_wconf 88' lang='lat' dir='ltr'><strong>scripsit</strong></span> <span class='ocrx_word' id='word_1_139' title='bbox 680 1895 923 1958; x_wconf 84' lang='lat' dir='ltr'><strong>Consolatinuem</strong></span> <span class='ocrx_word' id='word_1_140' title='bbox 945 1897 973 1974; x_wconf 88' lang='lat' dir='ltr'><strong>r)</strong></span> <span class='ocrx_word' id='word_1_141' title='bbox 1008 1894 1044 1953; x_wconf 91' lang='lat' dir='ltr'><strong>ad</strong></span> <span class='ocrx_word' id='word_1_142' title='bbox 1066 1894 1124 1952; x_wconf 88' lang='lat' dir='ltr'><strong>Po·</strong></span> 
     </span>
     <span class='ocr_line' id='line_1_21' title="bbox 224 1977 1220 2060; baseline -0.001 -24"><span class='ocrx_word' id='word_1_143' title='bbox 224 1977 359 2060; x_wconf 83' lang='lat' dir='ltr'><strong>lybium:</strong></span> <span class='ocrx_word' id='word_1_144' title='bbox 394 1993 464 2038; x_wconf 92' lang='lat' dir='ltr'><strong>suut</strong></span> <span class='ocrx_word' id='word_1_145' title='bbox 485 1979 565 2038; x_wconf 88' lang='lat' dir='ltr'><strong>euim</strong></span> <span class='ocrx_word' id='word_1_146' title='bbox 589 1980 604 2037; x_wconf 79' lang='lat' dir='ltr'><strong>a</strong></span> <span class='ocrx_word' id='word_1_147' title='bbox 627 1994 724 2040; x_wconf 87' lang='lat' dir='ltr'><strong>morte</strong></span> <span class='ocrx_word' id='word_1_148' title='bbox 756 1980 851 2056; x_wconf 80' lang='lat' dir='ltr'><strong>Seiani</strong></span> <span class='ocrx_word' id='word_1_149' title='bbox 874 1977 911 2037; x_wconf 92' lang='lat' dir='ltr'><strong>ad</strong></span> <span class='ocrx_word' id='word_1_150' title='bbox 941 1977 1000 2036; x_wconf 90' lang='lat' dir='ltr'><strong>hoc</strong></span> <span class='ocrx_word' id='word_1_151' title='bbox 1031 1995 1124 2056; x_wconf 87' lang='lat' dir='ltr'><strong>usque</strong></span> <span class='ocrx_word' id='word_1_152' title='bbox 1217 1994 1220 1999; x_wconf 84' lang='lat'><em>·</em></span> 
     </span>
     <span class='ocr_line' id='line_1_22' title="bbox 226 2052 1124 2142; baseline -0.002 -22"><span class='ocrx_word' id='word_1_153' title='bbox 226 2074 342 2140; x_wconf 90' lang='lat' dir='ltr'><strong>tempus</strong></span> <span class='ocrx_word' id='word_1_154' title='bbox 363 2062 433 2120; x_wconf 89' lang='lat' dir='ltr'><strong>anui</strong></span> <span class='ocrx_word' id='word_1_155' title='bbox 459 2081 517 2120; x_wconf 89' lang='lat' dir='ltr'><strong>nou</strong></span> <span class='ocrx_word' id='word_1_156' title='bbox 552 2061 678 2142; x_wconf 82' lang='lat' dir='ltr'><strong>amplilrs</strong></span> <span class='ocrx_word' id='word_1_157' title='bbox 707 2061 876 2122; x_wconf 88' lang='lat' dir='ltr'><strong>duodecim.</strong></span> <span class='ocrx_word' id='word_1_158' title='bbox 920 2052 1046 2120; x_wconf 86' lang='lat' dir='ltr'><strong>luterim</strong></span> <span class='ocrx_word' id='word_1_159' title='bbox 1068 2080 1124 2118; x_wconf 89' lang='lat' dir='ltr'><strong>au·</strong></span> 
     </span>
     <span class='ocr_line' id='line_1_23' title="bbox 223 2138 1125 2225; baseline -0.004 -22"><span class='ocrx_word' id='word_1_160' title='bbox 223 2155 302 2217; x_wconf 88' lang='lat' dir='ltr'><strong>tem,</strong></span> <span class='ocrx_word' id='word_1_161' title='bbox 326 2143 421 2203; x_wconf 90' lang='lat' dir='ltr'><strong>ubise</strong></span> <span class='ocrx_word' id='word_1_162' title='bbox 443 2164 480 2202; x_wconf 82' lang='lat' dir='ltr'><strong>ex</strong></span> <span class='ocrx_word' id='word_1_163' title='bbox 503 2145 586 2202; x_wconf 86' lang='lat' dir='ltr'><strong>omni</strong></span> <span class='ocrx_word' id='word_1_164' title='bbox 601 2144 734 2224; x_wconf 87' lang='lat' dir='ltr'><strong>periculo</strong></span> <span class='ocrx_word' id='word_1_165' title='bbox 757 2160 895 2225; x_wconf 88' lang='lat' dir='ltr'><strong>ereptum</strong></span> <span class='ocrx_word' id='word_1_166' title='bbox 907 2141 1029 2218; x_wconf 89' lang='lat' dir='ltr'><strong>viderit,</strong></span> <span class='ocrx_word' id='word_1_167' title='bbox 1053 2138 1125 2223; x_wconf 91' lang='lat' dir='ltr'><strong>quid</strong></span> 
     </span>
     <span class='ocr_line' id='line_1_24' title="bbox 224 2222 1125 2307; baseline -0.004 -21"><span class='ocrx_word' id='word_1_168' title='bbox 224 2225 324 2306; x_wconf 87' lang='lat' dir='ltr'><strong>potius</strong></span> <span class='ocrx_word' id='word_1_169' title='bbox 344 2247 379 2285; x_wconf 88' lang='lat' dir='ltr'><strong>ac</strong></span> <span class='ocrx_word' id='word_1_170' title='bbox 402 2224 508 2286; x_wconf 86' lang='lat' dir='ltr'><strong>melius</strong></span> <span class='ocrx_word' id='word_1_171' title='bbox 523 2224 626 2286; x_wconf 86' lang='lat' dir='ltr'><strong>debuit</strong></span> <span class='ocrx_word' id='word_1_172' title='bbox 647 2228 826 2299; x_wconf 85' lang='lat' dir='ltr'><strong>consectari,</strong></span> <span class='ocrx_word' id='word_1_173' title='bbox 851 2227 940 2307; x_wconf 75' lang='lat' dir='ltr'><strong>qu&#39;arn</strong></span> <span class='ocrx_word' id='word_1_174' title='bbox 953 2238 986 2284; x_wconf 93' lang='lat' dir='ltr'><strong>ut</strong></span> <span class='ocrx_word' id='word_1_175' title='bbox 1007 2224 1037 2283; x_wconf 92' lang='lat' dir='ltr'><strong>iu</strong></span> <span class='ocrx_word' id='word_1_176' title='bbox 1062 2222 1125 2285; x_wconf 87' lang='lat' dir='ltr'><strong>otio</strong></span> 
     </span>
     <span class='ocr_line' id='line_1_25' title="bbox 225 2306 1125 2370; baseline -0.002 -3"><span class='ocrx_word' id='word_1_177' title='bbox 225 2306 306 2368; x_wconf 88' lang='lat' dir='ltr'><strong>dulci</strong></span> <span class='ocrx_word' id='word_1_178' title='bbox 328 2310 580 2370; x_wconf 72' lang='lat' dir='ltr'><strong>consenesceret?</strong></span> <span class='ocrx_word' id='word_1_179' title='bbox 614 2310 674 2368; x_wconf 93' lang='lat' dir='ltr'><strong>Tot</strong></span> <span class='ocrx_word' id='word_1_180' title='bbox 696 2310 834 2370; x_wconf 79' lang='lat' dir='ltr'><strong>aerumnis</strong></span> <span class='ocrx_word' id='word_1_181' title='bbox 860 2324 946 2368; x_wconf 85' lang='lat' dir='ltr'><strong>antea</strong></span> <span class='ocrx_word' id='word_1_182' title='bbox 968 2306 1125 2369; x_wconf 84' lang='lat' dir='ltr'><strong>conflicta·</strong></span> 
     </span>
     <span class='ocr_line' id='line_1_26' title="bbox 225 2388 1126 2472; baseline -0.001 -22"><span class='ocrx_word' id='word_1_183' title='bbox 225 2404 293 2464; x_wconf 90' lang='lat' dir='ltr'><strong>tus,</strong></span> <span class='ocrx_word' id='word_1_184' title='bbox 328 2403 501 2472; x_wconf 85' lang='lat' dir='ltr'><strong>tantamque</strong></span> <span class='ocrx_word' id='word_1_185' title='bbox 535 2390 565 2448; x_wconf 89' lang='lat' dir='ltr'><strong>iu</strong></span> <span class='ocrx_word' id='word_1_186' title='bbox 600 2390 798 2452; x_wconf 84' lang='lat' dir='ltr'><strong>calamitatem</strong></span> <span class='ocrx_word' id='word_1_187' title='bbox 829 2413 883 2472; x_wconf 88' lang='lat' dir='ltr'><strong>per</strong></span> <span class='ocrx_word' id='word_1_188' title='bbox 904 2411 970 2453; x_wconf 88' lang='lat' dir='ltr'><strong>suas</strong></span> <span class='ocrx_word' id='word_1_189' title='bbox 1002 2388 1126 2452; x_wconf 85' lang='lat' dir='ltr'><strong>fabellas</strong></span> 
     </span>
     <span class='ocr_line' id='line_1_27' title="bbox 226 2471 1192 2554; baseline 0 -21"><span class='ocrx_word' id='word_1_190' title='bbox 226 2471 373 2548; x_wconf 87' lang='lat' dir='ltr'><strong>eductus,</strong></span> <span class='ocrx_word' id='word_1_191' title='bbox 408 2495 444 2534; x_wconf 89' lang='lat' dir='ltr'><strong>an</strong></span> <span class='ocrx_word' id='word_1_192' title='bbox 467 2471 504 2533; x_wconf 90' lang='lat' dir='ltr'><strong>de</strong></span> <span class='ocrx_word' id='word_1_193' title='bbox 526 2471 584 2533; x_wconf 90' lang='lat' dir='ltr'><strong>illis</strong></span> <span class='ocrx_word' id='word_1_194' title='bbox 606 2474 635 2533; x_wconf 91' lang='lat' dir='ltr'><strong>iu</strong></span> <span class='ocrx_word' id='word_1_195' title='bbox 658 2473 808 2554; x_wconf 91' lang='lat' dir='ltr'><strong>publicam</strong></span> <span class='ocrx_word' id='word_1_196' title='bbox 837 2473 935 2534; x_wconf 90' lang='lat' dir='ltr'><strong>lucem</strong></span> <span class='ocrx_word' id='word_1_197' title='bbox 957 2471 1127 2534; x_wconf 84' lang='lat' dir='ltr'><strong>emittendis</strong></span> <span class='ocrx_word' id='word_1_198' title='bbox 1188 2544 1192 2553; x_wconf 30' lang='grc' dir='ltr'>Ι</span> 
     </span>
     <span class='ocr_line' id='line_1_28' title="bbox 227 2555 1126 2637; baseline 0.001 -22"><span class='ocrx_word' id='word_1_199' title='bbox 227 2555 404 2637; x_wconf 81' lang='lat' dir='ltr'><strong>cogitaverit</strong></span> <span class='ocrx_word' id='word_1_200' title='bbox 414 2558 428 2617; x_wconf 76' lang='lat' dir='ltr'><strong>‘l</strong></span> <span class='ocrx_word' id='word_1_201' title='bbox 452 2555 585 2629; x_wconf 90' lang='lat' dir='ltr'><strong>Omnia,</strong></span> <span class='ocrx_word' id='word_1_202' title='bbox 618 2577 681 2637; x_wconf 88' lang='lat' dir='ltr'><strong>quae</strong></span> <span class='ocrx_word' id='word_1_203' title='bbox 703 2556 791 2637; x_wconf 88' lang='lat' dir='ltr'><strong>paulo</strong></span> <span class='ocrx_word' id='word_1_204' title='bbox 815 2571 882 2617; x_wconf 89' lang='lat' dir='ltr'><strong>ante</strong></span> <span class='ocrx_word' id='word_1_205' title='bbox 903 2576 1126 2617; x_wconf 84' lang='lat' dir='ltr'><strong>commemora·</strong></span> 
     </span>
     <span class='ocr_line' id='line_1_29' title="bbox 227 2637 1092 2714; baseline -0.002 -14"><span class='ocrx_word' id='word_1_206' title='bbox 227 2637 342 2714; x_wconf 82' lang='lat' dir='ltr'><strong>rimus,</strong></span> <span class='ocrx_word' id='word_1_207' title='bbox 365 2637 452 2701; x_wconf 89' lang='lat' dir='ltr'><strong>aliter</strong></span> <span class='ocrx_word' id='word_1_208' title='bbox 473 2637 544 2700; x_wconf 88' lang='lat' dir='ltr'><strong>eum</strong></span> <span class='ocrx_word' id='word_1_209' title='bbox 566 2641 706 2714; x_wconf 89' lang='lat' dir='ltr'><strong>sensisse,</strong></span> <span class='ocrx_word' id='word_1_210' title='bbox 729 2642 797 2700; x_wconf 89' lang='lat' dir='ltr'><strong>satis</strong></span> <span class='ocrx_word' id='word_1_211' title='bbox 819 2639 1034 2700; x_wconf 89' lang='lat' dir='ltr'><strong>demonstrant.</strong></span> <span class='ocrx_word' id='word_1_212' title='bbox 1088 2707 1092 2712; x_wconf 41' lang='grc'><strong>,</strong></span> 
     </span>
     <span class='ocr_line' id='line_1_30' title="bbox 290 2719 1128 2804; baseline -0.004 -23"><span class='ocrx_word' id='word_1_213' title='bbox 290 2722 355 2782; x_wconf 86' lang='lat' dir='ltr'><strong>Iam</strong></span> <span class='ocrx_word' id='word_1_214' title='bbox 378 2721 417 2782; x_wconf 90' lang='lat' dir='ltr'><strong>ita</strong></span> <span class='ocrx_word' id='word_1_215' title='bbox 440 2743 478 2782; x_wconf 90' lang='lat' dir='ltr'><strong>ue</strong></span> <span class='ocrx_word' id='word_1_216' title='bbox 499 2721 668 2782; x_wconf 88' lang='lat' dir='ltr'><strong>mirandum</strong></span> <span class='ocrx_word' id='word_1_217' title='bbox 692 2724 845 2804; x_wconf 79' lang='lat' dir='ltr'><strong>tantopere</strong></span> <span class='ocrx_word' id='word_1_218' title='bbox 866 2744 928 2782; x_wconf 91' lang='lat' dir='ltr'><strong>uon</strong></span> <span class='ocrx_word' id='word_1_219' title='bbox 949 2736 1012 2794; x_wconf 89' lang='lat' dir='ltr'><strong>est,</strong></span> <span class='ocrx_word' id='word_1_220' title='bbox 1048 2719 1128 2800; x_wconf 78' lang='lat' dir='ltr'><strong>Apo-</strong></span> 
     </span>
     <span class='ocr_line' id='line_1_31' title="bbox 228 2743 1196 2885; baseline -0.001 -23"><span class='ocrx_word' id='word_1_221' title='bbox 228 2801 315 2882; x_wconf 84' lang='lat' dir='ltr'><strong>logos</strong></span> <span class='ocrx_word' id='word_1_222' title='bbox 349 2743 463 2865; x_wconf 78' lang='lat' dir='ltr'><strong>Phaedri</strong></span> <span class='ocrx_word' id='word_1_223' title='bbox 498 2803 545 2864; x_wconf 88' lang='lat' dir='ltr'><strong>rel</strong></span> <span class='ocrx_word' id='word_1_224' title='bbox 577 2805 695 2865; x_wconf 80' lang='lat' dir='ltr'><strong>Senecae</strong></span> <span class='ocrx_word' id='word_1_225' title='bbox 728 2805 816 2866; x_wconf 89' lang='lat' dir='ltr'><strong>fuisse</strong></span> <span class='ocrx_word' id='word_1_226' title='bbox 848 2806 1033 2885; x_wconf 80' lang='lat' dir='ltr'><strong>incognitos,</strong></span> <span class='ocrx_word' id='word_1_227' title='bbox 1079 2801 1129 2864; x_wconf 81' lang='lat' dir='ltr'><strong>vel</strong></span> <span class='ocrx_word' id='word_1_228' title='bbox 1193 2847 1196 2853; x_wconf 69' lang='lat'><em>-</em></span> 
     </span>
     <span class='ocr_line' id='line_1_32' title="bbox 232 2883 1130 2969; baseline 0 -24"><span class='ocrx_word' id='word_1_229' title='bbox 232 2885 378 2948; x_wconf 85' lang='lat' dir='ltr'><strong>Senecam</strong></span> <span class='ocrx_word' id='word_1_230' title='bbox 398 2886 504 2969; x_wconf 89' lang='lat' dir='ltr'><strong>loqui,</strong></span> <span class='ocrx_word' id='word_1_231' title='bbox 528 2901 669 2968; x_wconf 89' lang='lat' dir='ltr'><strong>tanquam</strong></span> <span class='ocrx_word' id='word_1_232' title='bbox 691 2908 742 2948; x_wconf 89' lang='lat' dir='ltr'><strong>eos</strong></span> <span class='ocrx_word' id='word_1_233' title='bbox 763 2887 888 2947; x_wconf 76' lang='lat' dir='ltr'><strong>minime</strong></span> <span class='ocrx_word' id='word_1_234' title='bbox 910 2900 1028 2960; x_wconf 90' lang='lat' dir='ltr'><strong>nosset,</strong></span> <span class='ocrx_word' id='word_1_235' title='bbox 1057 2883 1130 2945; x_wconf 88' lang='lat' dir='ltr'><strong>dum</strong></span> 
     </span>
     <span class='ocr_line' id='line_1_33' title="bbox 232 2965 1127 3049; baseline -0.001 -22"><span class='ocrx_word' id='word_1_236' title='bbox 232 2965 377 3049; x_wconf 89' lang='lat' dir='ltr'><strong>Polybio,</strong></span> <span class='ocrx_word' id='word_1_237' title='bbox 410 2969 525 3031; x_wconf 89' lang='lat' dir='ltr'><strong>Claudii</strong></span> <span class='ocrx_word' id='word_1_238' title='bbox 547 2970 686 3044; x_wconf 77' lang='lat' dir='ltr'><strong>Libente,</strong></span> <span class='ocrx_word' id='word_1_239' title='bbox 720 2971 762 3030; x_wconf 88' lang='lat' dir='ltr'><strong>sic</strong></span> <span class='ocrx_word' id='word_1_240' title='bbox 789 2967 941 3029; x_wconf 89' lang='lat' dir='ltr'><strong>blanditur</strong></span> <span class='ocrx_word' id='word_1_241' title='bbox 961 2989 1036 3047; x_wconf 85' lang='lat' dir='ltr'><strong>¹cap</strong></span> <span class='ocrx_word' id='word_1_242' title='bbox 1064 2989 1127 3049; x_wconf 86' lang='lat'><strong>27.:</strong></span> 
     </span>
     <span class='ocr_line' id='line_1_34' title="bbox 232 3051 1132 3133; baseline -0.002 -23"><span class='ocrx_word' id='word_1_243' title='bbox 232 3053 308 3110; x_wconf 86' lang='lat' dir='ltr'><strong>Non</strong></span> <span class='ocrx_word' id='word_1_244' title='bbox 329 3052 425 3109; x_wconf 84' lang='lat' dir='ltr'><strong>audeo</strong></span> <span class='ocrx_word' id='word_1_245' title='bbox 448 3066 476 3110; x_wconf 82' lang='lat' dir='ltr'><strong>te</strong></span> <span class='ocrx_word' id='word_1_246' title='bbox 498 3075 593 3133; x_wconf 83' lang='lat' dir='ltr'><strong>usque</strong></span> <span class='ocrx_word' id='word_1_247' title='bbox 624 3056 656 3112; x_wconf 87' lang='lat' dir='ltr'><strong>ed</strong></span> <span class='ocrx_word' id='word_1_248' title='bbox 674 3054 858 3132; x_wconf 84' lang='lat' dir='ltr'><strong>producere,</strong></span> <span class='ocrx_word' id='word_1_249' title='bbox 894 3064 929 3111; x_wconf 82' lang='lat' dir='ltr'><strong>ut</strong></span> <span class='ocrx_word' id='word_1_250' title='bbox 938 3051 1080 3132; x_wconf 81' lang='lat' dir='ltr'><strong>fabellas</strong></span> <span class='ocrx_word' id='word_1_251' title='bbox 1101 3062 1132 3108; x_wconf 79' lang='lat' dir='ltr'><strong>et</strong></span> 
     </span>
     <span class='ocr_line' id='line_1_35' title="bbox 232 3130 1128 3214; baseline -0.002 -22"><span class='ocrx_word' id='word_1_252' title='bbox 232 3132 385 3210; x_wconf 84' lang='lat' dir='ltr'><strong>Aesopeos</strong></span> <span class='ocrx_word' id='word_1_253' title='bbox 399 3135 504 3212; x_wconf 82' lang='lat' dir='ltr'><strong>logos,</strong></span> <span class='ocrx_word' id='word_1_254' title='bbox 530 3130 713 3194; x_wconf 83' lang='lat' dir='ltr'><strong>inteirtutum</strong></span> <span class='ocrx_word' id='word_1_255' title='bbox 725 3138 876 3194; x_wconf 84' lang='lat' dir='ltr'><strong>Romanis</strong></span> <span class='ocrx_word' id='word_1_256' title='bbox 891 3136 1023 3214; x_wconf 81' lang='lat' dir='ltr'><strong>ingeniis</strong></span> <span class='ocrx_word' id='word_1_257' title='bbox 1035 3154 1110 3211; x_wconf 85' lang='lat' dir='ltr'><strong>opus</strong></span> <span class='ocrx_word' id='word_1_258' title='bbox 1116 3174 1128 3202; x_wconf 92' lang='lat'><strong>,</strong></span> 
     </span>
     <span class='ocr_line' id='line_1_36' title="bbox 233 3215 1132 3299; baseline 0.006 -30"><span class='ocrx_word' id='word_1_259' title='bbox 233 3215 327 3272; x_wconf 80' lang='lat' dir='ltr'><strong>colitd</strong></span> <span class='ocrx_word' id='word_1_260' title='bbox 350 3215 405 3273; x_wconf 74' lang='lat' dir='ltr'><strong>tibi</strong></span> <span class='ocrx_word' id='word_1_261' title='bbox 425 3230 584 3276; x_wconf 69' lang='lat' dir='ltr'><strong>venustate</strong></span> <span class='ocrx_word' id='word_1_262' title='bbox 608 3232 779 3278; x_wconf 82' lang='lat' dir='ltr'><strong>connectas.</strong></span> <span class='ocrx_word' id='word_1_263' title='bbox 822 3217 927 3299; x_wconf 81' lang='lat' dir='ltr'><strong>Neque</strong></span> <span class='ocrx_word' id='word_1_264' title='bbox 949 3235 1065 3276; x_wconf 84' lang='lat' dir='ltr'><strong>neccsse</strong></span> <span class='ocrx_word' id='word_1_265' title='bbox 1086 3227 1132 3275; x_wconf 85' lang='lat' dir='ltr'><strong>est</strong></span> 
     </span>
    </p>
   </div>
   <div class='ocr_carea' id='block_1_3' title="bbox 231 3432 1154 3655">
    <p class='ocr_par' dir='ltr' id='par_1_4' title="bbox 231 3432 1154 3655">
     <span class='ocr_line' id='line_1_37' title="bbox 282 3432 1154 3506; baseline -0.002 -22"><span class='ocrx_word' id='word_1_266' title='bbox 282 3437 306 3500; x_wconf 87' lang='lat' dir='ltr'><strong>r)</strong></span> <span class='ocrx_word' id='word_1_267' title='bbox 324 3434 355 3484; x_wconf 90' lang='lat' dir='ltr'><strong>ln</strong></span> <span class='ocrx_word' id='word_1_268' title='bbox 376 3433 427 3484; x_wconf 90' lang='lat' dir='ltr'><strong>hcc</strong></span> <span class='ocrx_word' id='word_1_269' title='bbox 453 3435 579 3505; x_wconf 88' lang='lat' dir='ltr'><strong>opusculo</strong></span> <span class='ocrx_word' id='word_1_270' title='bbox 606 3436 723 3495; x_wconf 80' lang='lat' dir='ltr'><strong>Seneca,</strong></span> <span class='ocrx_word' id='word_1_271' title='bbox 750 3453 807 3506; x_wconf 88' lang='lat' dir='ltr'><strong>cap.</strong></span> <span class='ocrx_word' id='word_1_272' title='bbox 825 3434 878 3499; x_wconf 71' lang='lat'><strong>32,</strong></span> <span class='ocrx_word' id='word_1_273' title='bbox 903 3443 1025 3506; x_wconf 85' lang='lat' dir='ltr'><strong>precatur</strong></span> <span class='ocrx_word' id='word_1_274' title='bbox 1049 3432 1154 3484; x_wconf 83' lang='lat' dir='ltr'><strong>t&#39;ortu·.</strong></span> 
     </span>
     <span class='ocr_line' id='line_1_38' title="bbox 231 3500 1130 3570; baseline -0.003 -17"><span class='ocrx_word' id='word_1_275' title='bbox 231 3519 309 3563; x_wconf 87' lang='lat' dir='ltr'><strong>nam,</strong></span> <span class='ocrx_word' id='word_1_276' title='bbox 334 3513 361 3551; x_wconf 87' lang='lat' dir='ltr'><strong>ut</strong></span> <span class='ocrx_word' id='word_1_277' title='bbox 377 3500 467 3567; x_wconf 75' lang='lat' dir='ltr'><strong>operiri</strong></span> <span class='ocrx_word' id='word_1_278' title='bbox 485 3504 500 3550; x_wconf 83' lang='grc' dir='ltr'><em>ἁ</em></span> <span class='ocrx_word' id='word_1_279' title='bbox 521 3503 628 3554; x_wconf 82' lang='lat' dir='ltr'><strong>Claudio</strong></span> <span class='ocrx_word' id='word_1_280' title='bbox 647 3505 807 3555; x_wconf 85' lang='lat' dir='ltr'><strong>Britanniam</strong></span> <span class='ocrx_word' id='word_1_281' title='bbox 823 3504 951 3570; x_wconf 60' lang='lat' dir='ltr'><strong>&#39;patinuos</strong></span> <span class='ocrx_word' id='word_1_282' title='bbox 993 3501 1071 3570; x_wconf 84' lang='lat' dir='ltr'><strong>Quod</strong></span> <span class='ocrx_word' id='word_1_283' title='bbox 1098 3516 1130 3553; x_wconf 83' lang='lat' dir='ltr'><strong>so</strong></span> 
     </span>
     <span class='ocr_line' id='line_1_39' title="bbox 233 3566 565 3655; baseline -0.012 -32"><span class='ocrx_word' id='word_1_284' title='bbox 233 3566 291 3640; x_wconf 82' lang='lat' dir='ltr'><strong>ipso</strong></span> <span class='ocrx_word' id='word_1_285' title='bbox 309 3585 378 3655; x_wconf 70' lang='lat' dir='ltr'><strong>auno</strong></span> <span class='ocrx_word' id='word_1_286' title='bbox 396 3567 498 3622; x_wconf 82' lang='lat' dir='ltr'><strong>factum</strong></span> <span class='ocrx_word' id='word_1_287' title='bbox 518 3579 565 3620; x_wconf 78' lang='lat' dir='ltr'><strong>est.</strong></span> 
     </span>
    </p>
   </div>
   <div class='ocr_carea' id='block_1_4' title="bbox 0 0 1310 4020">
    <p class='ocr_par' dir='ltr' id='par_1_5' title="bbox 0 0 1310 4020">
     <span class='ocr_line' id='line_1_40' title="bbox 0 0 1310 4020; baseline 0 0"><span class='ocrx_word' id='word_1_288' title='bbox 0 0 1310 4020; x_wconf 95' lang='lat' dir='ltr'><strong> </strong></span> 
     </span>
    </p>
   </div>
  </div>
 </body>
</html>
