2572 4020
327 257 358 293 vt
546 208 549 213 ’
660 228 898 291 Praesumo.
979 319 982 322 ,

115 366 124 409 5
195 459 201 469 Ι
280 423 284 434 =
328 395 463 457 videtur:
500 395 562 474 ipse
594 395 691 469 enim,
723 397 758 454 L.
782 377 857 468 IV.,
887 393 966 475 ''El'll
989 417 1017 453 γ’
1047 399 1092 454 ¹5·
1128 397 1165 457 de
1196 419 1227 460 ⁵⁰

69 3627 220 3768 “1

328 479 470 561 loquens,
493 479 535 539 sic
557 500 649 542 unum
672 480 688 538 ὲ
709 479 768 539 suis
790 479 923 557 patronis
944 478 1107 540 admonet:

671 560 744 622 olim
756 560 848 622 ‘senio
869 559 1000 621 debilem

398 643 531 706 ,Frustra
553 640 691 720 adjuvere
713 645 828 704 bonitas
850 642 961 704 nitetur
983 656 1044 704 tua.

328 723 416 787 Tunc
438 745 510 806 ergo
531 746 592 785 nou
613 739 677 786 erat
691 747 795 808 neque·
808 745 914 799 senex,
937 745 1034 807 neque
1056 724 1139 790 senio
1152 746 1224 806 pro-

328 807 437 868 ximus.
481 809 622 873 Praeterea
643 809 666 867 si
688 810 832 870 abductus
853 829 896 870 eo
912 822 1048 888 tempore
1077 808 1107 866 in
1130 811 1226 869 servi-

328 902 425 951 tutem
459 890 584 958 fuisset,
618 888 739 970 captum
760 913 821 952 esse
856 911 925 951 cum
947 891 1032 951 uictis
1053 889 1100 951 vel
1122 890 1225 951 Thra-

327 973 416 1034 cibus
438 973 486 1033 vel
506 973 599 1033 Bessis
620 974 779 1034 dicendum
801 977 896 1049 foret,
920 974 970 1054 qui
994 973 1114 1051 barbari
1136 973 1254 1055 longb-

328 1053 367 1115 ab
400 1053 537 1118 Auctoris
570 1057 664 1117 nostri
686 1057 781 1138 patrib
815 1069 906 1127 erant
926 1055 963 1116 nd
992 1056 1226 1138 septentrionem

312 1164 314 1169 ’
328 1138 449 1197 remoti.

392 1219 498 1302 ltaque
519 1240 635 1291 servus,
668 1221 776 1281 casbne
797 1241 834 1279 an
856 1233 936 1280 sorte
957 1219 1112 1294 nascendi,
1136 1220 1227 1279 fuerit

330 1300 490 1376 Pbaedrus,
517 1301 607 1383 planis
629 1303 803 1383 ignoratur:
838 1315 873 1361 at*
888 1302 913 1363 si
934 1303 1105 1380 parentibus
1127 1301 1228 1362 liberis

329 1397 497 1458 natusest,
519 1384 655 1444 incidisse
673 1383 763 1463 paulo
784 1397 852 1470 post
864 1384 894 1442 in
915 1381 1105 1458 servitutem,
1129 1398 1228 1444 trans-

286 1541 288 1543 ι
330 1465 484 1548 latumque
506 1466 595 1525 fuisse
617 1466 768 1540 Romam,
803 1480 832 1525 et
854 1464 953 1525 literas
974 1464 1016 1524 ibi
1038 1465 1143 1525 latinas
1164 1467 1227 1526 edi-

330 1549 451 1622 dicisse,
474 1568 512 1606 ex
533 1567 569 1608 eo
589 1547 690 1622 recte,
713 1549 744 1605 ni
764 1545 868 1620 fallor,
890 1558 989 1627 potest
1000 1548 1123 1624 conjici,
1146 1547 1227 1628 qubd

223 1650 230 1669 ·
330 1633 393 1708 ipse
414 1628 581 1710 significare
603 1628 751 1700 videatur,
775 1627 906 1690 adbibita
921 1645 1014 1708 puero
1028 1629 1098 1702 sibi,
1128 1643 1160 1689 ut
1182 1631 1245 1687 in·-¹

331 1711 520 1785 stitueretur,
554 1710 643 1773 fuisse
665 1713 753 1772 Ennii
777 1719 869 1792 poetas
891 1731 998 1792 opera,
1032 1713 1116 1791 cujus
1138 1711 1229 1772 etiam

332 1812 452 1854 versum
473 1795 501 1872 c)
535 1793 593 1854 sibi
623 1809 695 1855 tunc
717 1794 879 1855 memoriae
912 1793 1083 1854 mandatum
1111 1795 1225 1868 refert,

332 1894 368 1934 ac
389 1875 552 1954 presertim
573 1877 653 1960 quod
676 1879 772 1938 oratio
806 1879 869 1956 ejus
889 1875 1016 1951 munda,
1050 1877 1176 1957 simplex
1198 1891 1228 1938 et

333 1958 582 2020 succussionem
610 1959 809 2025 urbanitatem
831 1959 980 2035 redoleat;
1014 1960 1152 2040 quodque
1173 1961 1229 2020 de-

330 2044 419 2099 'mum
450 2040 488 2103 ad
509 2041 599 2102 telem
620 2043 765 2103 sermonis
793 2044 921 2102 Romani
942 2041 1081 2123 peritiam
1101 2042 1150 2117 rix
1171 2042 1229 2101 ali-

289 2180 303 2203 *
333 2121 405 2184 cubi
426 2123 574 2202 potuerit,
596 2125 792 2200 smillumae,
814 2139 844 2187 ct
862 2124 951 2208 longo
964 2123 1084 2207 quidem
1106 2126 1122 2182 ὲ
1144 2138 1229 2184 tene·

335 2204 378 2266 ris
398 2227 468 2279 usu,
491 2207 657 2286 pervenire.

400 2288 555 2363 Libertas,
577 2311 632 2362 nec
653 2310 717 2351 sera
727 2334 736 2365 ,
758 2301 792 2351 ut
805 2289 942 2372 equidem
955 2309 1046 2361 reor,
1064 2286 1229 2348 'Phaedrum
1275 2286 1277 2290 ⁴

336 2384 474 2431 nostrum
495 2374 643 2453 respexit3
676 2387 707 2432 ct
728 2373 957 2454 egregiae‘dotcs
988 2369 1049 2431 citb
1070 2369 1229 2446 damnum,

337 2454 418 2533 quod
440 2453 581 2515 intulerat
604 2455 741 2530 fortuna,
769 2471 954 2534 repararunt.
996 2454 1094 2513 Docet
1115 2454 1231 2513 fabula-

337 2557 407 2596 rum
440 2534 561 2610 titulus,
600 2552 754 2599 auctorem
786 2539 874 2598 fuisse
904 2536 1026 2616 Augusti
1045 2544 1050 2551 ‘
1066 2536 1229 2597 Libertum.

261 2660 268 2666 .
337 2618 375 2675 dt
396 2618 534 2699 quisnam
554 2621 611 2681 fuit
643 2622 697 2682 iste
719 2621 885 2702 Augustus?
912 2620 1092 2680 Octaviusnc
1114 2621 1208 2678 Cesar
1220 2663 1228 2692 ,

334 2720 376 2761 an
407 2701 583 2762 Tiberiusl'
601 2702 658 2763 Alii
685 2703 829 2776 Octavio,
864 2702 914 2762 alii
940 2695 1064 2781 Tiberio
1096 2701 1230 2761 debuisse

336 2784 420 2845 bunc
440 2783 610 2846 libertatem
638 2786 818 2847 existimant.
862 2785 939 2846 Mihi
966 2783 1038 2845 verb
1059 2785 1232 2863 conjectura

338 2866 375 2926 de
397 2868 525 2928 Octavio
546 2866 636 2950 longe
655 2867 839 2949 probabilior
860 2868 984 2927 videtur.
1027 2867 1147 2927 Etenim
1167 2888 1256 2941 ma·,

338 2949 459 3009 numitti
489 2948 643 3011 Phaedrum
665 2951 799 3029 oportuit
830 2951 870 3009 ob
893 2949 1068 3030 elegantiam
1099 2949 1233 3029 ingenii,

339 3033 542 3112 sermonisque
562 3033 647 3093 latini
668 3034 822 3112 peritiam:
846 3053 917 3112 quas
937 3047 1014 3092 artes
1035 3045 1065 3092 et
1077 3031 1232 3113 profuisse

339 3115 450 3174 nemini
475 3113 552 3193 apud
574 3116 749 3188 Tiberium,
783 3115 892 3175 borum
927 3129 1096 3193 temporum
1128 3115 1232 3173 Histo-

339 3200 384 3257 ria
405 3199 474 3260 satis
494 3198 645 3273 ostendit,
677 3213 708 3257 et
728 3198 829 3278 aliquo
860 3197 909 3262 rix
931 3198 962 3257 in
994 3197 1109 3258 bonore
1143 3195 1232 3256 fnisse

340 3278 393 3342 illo
413 3292 577 3363 regnante,
608 3281 741 3343 versibus
772 3280 878 3358 Seiano
899 3279 996 3341 adbuc
1017 3281 1050 3363 d)
1076 3279 1233 3362 superstite

486 3374 496 3401 ὁ

391 3486 416 3549 e)
433 3483 492 3536 Lib.
505 3483 552 3534 lv.
571 3502 597 3536 v.
617 3483 716 3555 penult.

331 3549 361 3610 Υ
391 3550 497 3616 meib.
516 3550 563 3602 111.
581 3551 652 3606 Ptol.
679 3571 704 3606 v.
723 3568 764 3618 41·
796 3596 798 3606 ,

624 3663 651 3690 s
