<?xml version="1.0" encoding="UTF-8"?>
<!DOCTYPE html PUBLIC "-//W3C//DTD XHTML 1.0 Transitional//EN"
    "http://www.w3.org/TR/xhtml1/DTD/xhtml1-transitional.dtd">
<html xmlns="http://www.w3.org/1999/xhtml" xml:lang="en" lang="en">
 <head>
  <title>
</title>
<meta http-equiv="Content-Type" content="text/html;charset=utf-8" />
  <meta name='ocr-system' content='tesseract 3.04.00' />
  <meta name='ocr-capabilities' content='ocr_page ocr_carea ocr_par ocr_line ocrx_word'/>
</head>
<body>
  <div class='ocr_page' id='page_1' title='image "./fabvlarvmaesopi00phaegoog_0023.png"; bbox 0 0 2572 4020; ppageno 0'>
   <div class='ocr_carea' id='block_1_1' title="bbox 17 182 721 273">
    <p class='ocr_par' dir='ltr' id='par_1_1' title="bbox 17 182 721 273">
     <span class='ocr_line' id='line_1_1' title="bbox 17 182 721 273; baseline -0.003 -17"><span class='ocrx_word' id='word_1_1' title='bbox 17 217 20 230; x_wconf 81' lang='lat'><em>=</em></span> <span class='ocrx_word' id='word_1_2' title='bbox 146 212 222 265; x_wconf 72' lang='lat' dir='ltr'><strong>m</strong></span> <span class='ocrx_word' id='word_1_3' title='bbox 479 182 721 273; x_wconf 68' lang='lat' dir='ltr'>tenesmo.</span> 
     </span>
    </p>
   </div>
   <div class='ocr_carea' id='block_1_2' title="bbox 6 342 1073 532">
    <p class='ocr_par' dir='ltr' id='par_1_2' title="bbox 6 342 1073 532">
     <span class='ocr_line' id='line_1_2' title="bbox 6 342 1073 443; baseline 0.007 -26"><span class='ocrx_word' id='word_1_4' title='bbox 6 386 13 403; x_wconf 83' lang='lat'>·-</span> <span class='ocrx_word' id='word_1_5' title='bbox 97 411 102 417; x_wconf 88' lang='grc'><strong>.</strong></span> <span class='ocrx_word' id='word_1_6' title='bbox 142 355 262 419; x_wconf 77' lang='lat' dir='ltr'>Piiaedri&#39;</span> <span class='ocrx_word' id='word_1_7' title='bbox 278 369 309 420; x_wconf 92' lang='lat' dir='ltr'>et</span> <span class='ocrx_word' id='word_1_8' title='bbox 320 354 423 419; x_wconf 77' lang='lat' dir='ltr'>Avieni</span> <span class='ocrx_word' id='word_1_9' title='bbox 445 370 475 418; x_wconf 94' lang='lat' dir='ltr'>et</span> <span class='ocrx_word' id='word_1_10' title='bbox 498 342 583 432; x_wconf 78' lang='lat' dir='ltr'>suis,</span> <span class='ocrx_word' id='word_1_11' title='bbox 605 378 666 419; x_wconf 89' lang='lat' dir='ltr'>non</span> <span class='ocrx_word' id='word_1_12' title='bbox 688 360 748 419; x_wconf 82' lang='lat' dir='ltr'>dno</span> <span class='ocrx_word' id='word_1_13' title='bbox 761 358 901 435; x_wconf 75' lang='lat' dir='ltr'>carminis</span> <span class='ocrx_word' id='word_1_14' title='bbox 916 380 1040 443; x_wconf 83' lang='lat' dir='ltr'>genere,</span> <span class='ocrx_word' id='word_1_15' title='bbox 1071 424 1073 429; x_wconf 22' lang='lat'><strong>⁴</strong></span> 
     </span>
     <span class='ocr_line' id='line_1_3' title="bbox 144 439 1005 532; baseline 0.009 -32"><span class='ocrx_word' id='word_1_16' title='bbox 144 439 324 503; x_wconf 77' lang='lat' dir='ltr'>contulisset</span> <span class='ocrx_word' id='word_1_17' title='bbox 367 440 444 531; x_wconf 71' lang='lat' dir='ltr'>Ciun</span> <span class='ocrx_word' id='word_1_18' title='bbox 465 455 564 502; x_wconf 83' lang='lat' dir='ltr'>autem</span> <span class='ocrx_word' id='word_1_19' title='bbox 586 439 637 502; x_wconf 88' lang='lat' dir='ltr'>ille</span> <span class='ocrx_word' id='word_1_20' title='bbox 657 442 690 501; x_wconf 92' lang='lat' dir='ltr'>in</span> <span class='ocrx_word' id='word_1_21' title='bbox 711 443 885 532; x_wconf 68' lang='lat' dir='ltr'>Prsfntioue</span> <span class='ocrx_word' id='word_1_22' title='bbox 904 445 1005 508; x_wconf 80' lang='lat' dir='ltr'>dicstt</span> 
     </span>
    </p>
   </div>
   <div class='ocr_carea' id='block_1_3' title="bbox 175 534 958 712">
    <p class='ocr_par' dir='ltr' id='par_1_3' title="bbox 175 534 958 712">
     <span class='ocr_line' id='line_1_4' title="bbox 175 534 958 630; baseline 0.009 -22"><span class='ocrx_word' id='word_1_23' title='bbox 175 536 192 609; x_wconf 60' lang='lat'>⁶.</span> <span class='ocrx_word' id='word_1_24' title='bbox 225 546 296 609; x_wconf 87' lang='lat' dir='ltr'>Non</span> <span class='ocrx_word' id='word_1_25' title='bbox 316 561 385 609; x_wconf 87' lang='lat' dir='ltr'>sunt</span> <span class='ocrx_word' id='word_1_26' title='bbox 406 545 437 604; x_wconf 91' lang='lat' dir='ltr'>hi</span> <span class='ocrx_word' id='word_1_27' title='bbox 459 534 541 622; x_wconf 90' lang='lat' dir='ltr'>mei,</span> <span class='ocrx_word' id='word_1_28' title='bbox 563 569 638 630; x_wconf 91' lang='lat' dir='ltr'>quos</span> <span class='ocrx_word' id='word_1_29' title='bbox 667 561 753 630; x_wconf 82' lang='lat' dir='ltr'>putas</span> <span class='ocrx_word' id='word_1_30' title='bbox 765 592 775 624; x_wconf 93' lang='lat'>,</span> <span class='ocrx_word' id='word_1_31' title='bbox 796 551 958 628; x_wconf 75' lang='lat' dir='ltr'>versiculi,</span> 
     </span>
     <span class='ocr_line' id='line_1_5' title="bbox 225 629 895 712; baseline 0.003 -21"><span class='ocrx_word' id='word_1_32' title='bbox 225 631 284 692; x_wconf 87' lang='lat' dir='ltr'>Sed</span> <span class='ocrx_word' id='word_1_33' title='bbox 307 630 416 709; x_wconf 76' lang='lat' dir='ltr'>Aesopi</span> <span class='ocrx_word' id='word_1_34' title='bbox 436 632 506 691; x_wconf 86' lang='lat' dir='ltr'>sunt</span> <span class='ocrx_word' id='word_1_35' title='bbox 527 644 558 690; x_wconf 87' lang='lat' dir='ltr'>et</span> <span class='ocrx_word' id='word_1_36' title='bbox 578 631 691 695; x_wconf 78' lang='lat' dir='ltr'>Avieni</span> <span class='ocrx_word' id='word_1_37' title='bbox 704 645 736 694; x_wconf 87' lang='lat' dir='ltr'>et</span> <span class='ocrx_word' id='word_1_38' title='bbox 756 629 895 712; x_wconf 73' lang='lat' dir='ltr'>Phaedri,</span> 
     </span>
    </p>
   </div>
   <div class='ocr_carea' id='block_1_4' title="bbox 112 704 956 811">
    <p class='ocr_par' dir='ltr' id='par_1_4' title="bbox 112 704 956 811">
     <span class='ocr_line' id='line_1_6' title="bbox 112 704 956 811; baseline -0.001 -20"><span class='ocrx_word' id='word_1_39' title='bbox 112 704 116 717; x_wconf 31' lang='grc' dir='ltr'>Ι</span> <span class='ocrx_word' id='word_1_40' title='bbox 145 730 204 811; x_wconf 78' lang='lat' dir='ltr'>jein</span> <span class='ocrx_word' id='word_1_41' title='bbox 227 750 288 789; x_wconf 91' lang='lat' dir='ltr'>non</span> <span class='ocrx_word' id='word_1_42' title='bbox 311 728 492 793; x_wconf 61' lang='lat' dir='ltr'>interiores</span> <span class='ocrx_word' id='word_1_43' title='bbox 513 729 666 790; x_wconf 84' lang='lat' dir='ltr'>librarios</span> <span class='ocrx_word' id='word_1_44' title='bbox 686 731 882 792; x_wconf 89' lang='lat' dir='ltr'>recensendus</span> <span class='ocrx_word' id='word_1_45' title='bbox 902 746 956 792; x_wconf 89' lang='lat' dir='ltr'>est.</span> 
     </span>
    </p>
   </div>
   <div class='ocr_carea' id='block_1_5' title="bbox 31 826 1066 1480">
    <p class='ocr_par' dir='ltr' id='par_1_5' title="bbox 31 826 1066 1480">
     <span class='ocr_line' id='line_1_7' title="bbox 31 826 1038 906; baseline 0.007 -18"><span class='ocrx_word' id='word_1_46' title='bbox 31 845 33 851; x_wconf 67' lang='grc'><em>“</em></span> <span class='ocrx_word' id='word_1_47' title='bbox 189 828 294 906; x_wconf 73' lang='lat' dir='ltr'>&#39;Quod</span> <span class='ocrx_word' id='word_1_48' title='bbox 327 826 399 888; x_wconf 81' lang='lat' dir='ltr'>rerd</span> <span class='ocrx_word' id='word_1_49' title='bbox 433 827 594 889; x_wconf 72' lang='lat' dir='ltr'>crediderit</span> <span class='ocrx_word' id='word_1_50' title='bbox 626 829 813 900; x_wconf 76' lang='lat' dir='ltr'>Seriverius,</span> <span class='ocrx_word' id='word_1_51' title='bbox 847 829 942 890; x_wconf 88' lang='lat' dir='ltr'>fetum</span> <span class='ocrx_word' id='word_1_52' title='bbox 974 852 1038 895; x_wconf 88' lang='lat' dir='ltr'>esse</span> 
     </span>
     <span class='ocr_line' id='line_1_8' title="bbox 54 908 1036 993; baseline 0.001 -20"><span class='ocrx_word' id='word_1_53' title='bbox 54 945 57 951; x_wconf 96' lang='lat'>·</span> <span class='ocrx_word' id='word_1_54' title='bbox 140 933 202 973; x_wconf 84' lang='lat' dir='ltr'>non</span> <span class='ocrx_word' id='word_1_55' title='bbox 225 909 361 988; x_wconf 76' lang='lat' dir='ltr'>Phaedri,</span> <span class='ocrx_word' id='word_1_56' title='bbox 384 909 447 971; x_wconf 80' lang='lat' dir='ltr'>‘sed</span> <span class='ocrx_word' id='word_1_57' title='bbox 468 912 598 990; x_wconf 76' lang='lat' dir='ltr'>Per-oui,</span> <span class='ocrx_word' id='word_1_58' title='bbox 634 911 766 972; x_wconf 81' lang='lat' dir='ltr'>fabulam</span> <span class='ocrx_word' id='word_1_59' title='bbox 788 908 825 970; x_wconf 83' lang='lat' dir='ltr'>de</span> <span class='ocrx_word' id='word_1_60' title='bbox 847 912 1036 993; x_wconf 70' lang='lat' dir='ltr'>Arboribus,</span> 
     </span>
     <span class='ocr_line' id='line_1_9' title="bbox 92 986 1066 1075; baseline 0.003 -22"><span class='ocrx_word' id='word_1_61' title='bbox 92 986 98 998; x_wconf 71' lang='grc'><strong>’</strong></span> <span class='ocrx_word' id='word_1_62' title='bbox 139 993 220 1055; x_wconf 84' lang='lat' dir='ltr'>iliud</span> <span class='ocrx_word' id='word_1_63' title='bbox 235 1013 339 1069; x_wconf 89' lang='lat' dir='ltr'>nunc,</span> <span class='ocrx_word' id='word_1_64' title='bbox 374 1006 505 1075; x_wconf 88' lang='lat' dir='ltr'>reperto.</span> <span class='ocrx_word' id='word_1_65' title='bbox 519 995 606 1074; x_wconf 86' lang='lat' dir='ltr'>hujus</span> <span class='ocrx_word' id='word_1_66' title='bbox 627 995 717 1056; x_wconf 87' lang='lat' dir='ltr'><strong>MSS..</strong></span> <span class='ocrx_word' id='word_1_67' title='bbox 746 989 878 1066; x_wconf 82' lang='lat' dir='ltr'>Codice,</span> <span class='ocrx_word' id='word_1_68' title='bbox 914 1013 953 1055; x_wconf 84' lang='lat' dir='ltr'>ex</span> <span class='ocrx_word' id='word_1_69' title='bbox 973 997 1066 1056; x_wconf 88' lang='lat' dir='ltr'>istis·</span> 
     </span>
     <span class='ocr_line' id='line_1_10' title="bbox 104 1070 1035 1159; baseline -0.015 -22"><span class='ocrx_word' id='word_1_70' title='bbox 104 1118 120 1129; x_wconf 88' lang='lat'>.-</span> <span class='ocrx_word' id='word_1_71' title='bbox 140 1075 329 1158; x_wconf 80' lang='lat' dir='ltr'>qu&#39;nntnmvis</span> <span class='ocrx_word' id='word_1_72' title='bbox 350 1075 428 1137; x_wconf 71' lang='lat' dir='ltr'>melis</span> <span class='ocrx_word' id='word_1_73' title='bbox 448 1078 582 1159; x_wconf 81' lang='lat' dir='ltr'>figuratis</span> <span class='ocrx_word' id='word_1_74' title='bbox 596 1073 746 1137; x_wconf 84' lang='lat' dir='ltr'>versiculis</span> <span class='ocrx_word' id='word_1_75' title='bbox 767 1070 854 1132; x_wconf 77' lang='lat' dir='ltr'>facile</span> <span class='ocrx_word' id='word_1_76' title='bbox 872 1075 965 1159; x_wconf 89' lang='lat' dir='ltr'>possit</span> <span class='ocrx_word' id='word_1_77' title='bbox 985 1098 1035 1136; x_wconf 86' lang='lat' dir='ltr'>re.</span> 
     </span>
     <span class='ocr_line' id='line_1_11' title="bbox 136 1155 1036 1240; baseline 0 -20"><span class='ocrx_word' id='word_1_78' title='bbox 136 1161 239 1221; x_wconf 72' lang='lat' dir='ltr'>tutari.</span> <span class='ocrx_word' id='word_1_79' title='bbox 280 1159 401 1223; x_wconf 72' lang='lat' dir='ltr'>Exstirit</span> <span class='ocrx_word' id='word_1_80' title='bbox 431 1181 505 1240; x_wconf 83' lang='lat' dir='ltr'>ergo</span> <span class='ocrx_word' id='word_1_81' title='bbox 525 1173 594 1220; x_wconf 81' lang='lat' dir='ltr'>ante</span> <span class='ocrx_word' id='word_1_82' title='bbox 620 1156 731 1217; x_wconf 84' lang='lat' dir='ltr'>Perotti</span> <span class='ocrx_word' id='word_1_83' title='bbox 752 1167 887 1231; x_wconf 77' lang='lat' dir='ltr'>etatem,</span> <span class='ocrx_word' id='word_1_84' title='bbox 922 1155 1036 1220; x_wconf 79' lang='lat' dir='ltr'>Phaedri</span> 
     </span>
     <span class='ocr_line' id='line_1_12' title="bbox 138 1235 1035 1325; baseline 0.002 -23"><span class='ocrx_word' id='word_1_85' title='bbox 138 1242 310 1325; x_wconf 75' lang='lat' dir='ltr'>exemplar,</span> <span class='ocrx_word' id='word_1_86' title='bbox 345 1263 406 1324; x_wconf 89' lang='lat' dir='ltr'>quo</span> <span class='ocrx_word' id='word_1_87' title='bbox 436 1262 506 1302; x_wconf 92' lang='lat' dir='ltr'>usus</span> <span class='ocrx_word' id='word_1_88' title='bbox 526 1238 577 1299; x_wconf 88' lang='lat' dir='ltr'>ille</span> <span class='ocrx_word' id='word_1_89' title='bbox 607 1238 709 1299; x_wconf 76' lang='lat' dir='ltr'>inerit.</span> <span class='ocrx_word' id='word_1_90' title='bbox 752 1235 810 1296; x_wconf 77' lang='lat' dir='ltr'>Sed</span> <span class='ocrx_word' id='word_1_91' title='bbox 842 1239 895 1321; x_wconf 87' lang='lat' dir='ltr'>qui</span> <span class='ocrx_word' id='word_1_92' title='bbox 926 1243 1035 1304; x_wconf 88' lang='lat' dir='ltr'>nostris</span> 
     </span>
     <span class='ocr_line' id='line_1_13' title="bbox 136 1316 1036 1406; baseline -0.001 -21"><span class='ocrx_word' id='word_1_93' title='bbox 136 1325 219 1388; x_wconf 87' lang='lat' dir='ltr'>hisce</span> <span class='ocrx_word' id='word_1_94' title='bbox 251 1325 436 1406; x_wconf 77' lang='lat' dir='ltr'>temporibus</span> <span class='ocrx_word' id='word_1_95' title='bbox 470 1319 686 1380; x_wconf 78' lang='lat' dir='ltr'>Scriverisnam</span> <span class='ocrx_word' id='word_1_96' title='bbox 722 1316 880 1397; x_wconf 74' lang='lat' dir='ltr'>haeresim,</span> <span class='ocrx_word' id='word_1_97' title='bbox 921 1324 1036 1400; x_wconf 79' lang='lat' dir='ltr'>jamdid</span> 
     </span>
     <span class='ocr_line' id='line_1_14' title="bbox 130 1398 1033 1480; baseline -0.003 -10"><span class='ocrx_word' id='word_1_98' title='bbox 130 1409 324 1479; x_wconf 75' lang='lat' dir='ltr'>obsoletam,</span> <span class='ocrx_word' id='word_1_99' title='bbox 359 1401 486 1480; x_wconf 82' lang='lat' dir='ltr'>erripuit</span> <span class='ocrx_word' id='word_1_100' title='bbox 516 1403 563 1462; x_wconf 89' lang='lat' dir='ltr'>Io.</span> <span class='ocrx_word' id='word_1_101' title='bbox 593 1400 671 1461; x_wconf 88' lang='lat' dir='ltr'>Frid.</span> <span class='ocrx_word' id='word_1_102' title='bbox 702 1398 864 1476; x_wconf 83' lang='lat' dir='ltr'>Christius,</span> <span class='ocrx_word' id='word_1_103' title='bbox 899 1402 1033 1468; x_wconf 87' lang='lat' dir='ltr'>melioris</span> 
     </span>
    </p>
   </div>
   <div class='ocr_carea' id='block_1_6' title="bbox 28 1481 1073 1635">
    <p class='ocr_par' dir='ltr' id='par_1_6' title="bbox 28 1481 1073 1635">
     <span class='ocr_line' id='line_1_15' title="bbox 28 1481 1073 1563; baseline -0.005 -11"><span class='ocrx_word' id='word_1_104' title='bbox 28 1485 30 1489; x_wconf 45' lang='lat'><em>⁷</em></span> <span class='ocrx_word' id='word_1_105' title='bbox 136 1505 215 1550; x_wconf 82' lang='lat' dir='ltr'>notae</span> <span class='ocrx_word' id='word_1_106' title='bbox 236 1488 360 1548; x_wconf 77' lang='lat' dir='ltr'>Codices</span> <span class='ocrx_word' id='word_1_107' title='bbox 380 1485 531 1563; x_wconf 89' lang='lat' dir='ltr'>reposcit,</span> <span class='ocrx_word' id='word_1_108' title='bbox 560 1481 810 1562; x_wconf 82' lang='lat' dir='ltr'>Pithoeanumque</span> <span class='ocrx_word' id='word_1_109' title='bbox 842 1505 877 1544; x_wconf 82' lang='lat' dir='ltr'>ac</span> <span class='ocrx_word' id='word_1_110' title='bbox 898 1487 1032 1548; x_wconf 77' lang='lat' dir='ltr'>Remen·</span> <span class='ocrx_word' id='word_1_111' title='bbox 1071 1549 1073 1557; x_wconf 75' lang='grc'>,</span> 
     </span>
     <span class='ocr_line' id='line_1_16' title="bbox 51 1564 1032 1635; baseline -0.006 -1"><span class='ocrx_word' id='word_1_112' title='bbox 51 1602 53 1607; x_wconf 95' lang='grc'><em>·</em></span> <span class='ocrx_word' id='word_1_113' title='bbox 136 1592 200 1632; x_wconf 89' lang='lat' dir='ltr'>sem</span> <span class='ocrx_word' id='word_1_114' title='bbox 220 1570 277 1630; x_wconf 90' lang='lat' dir='ltr'>sibi</span> <span class='ocrx_word' id='word_1_115' title='bbox 297 1567 384 1626; x_wconf 81' lang='lat' dir='ltr'>finxit</span> <span class='ocrx_word' id='word_1_116' title='bbox 412 1585 558 1625; x_wconf 85' lang='lat' dir='ltr'>essenon</span> <span class='ocrx_word' id='word_1_117' title='bbox 579 1564 676 1635; x_wconf 86' lang='lat' dir='ltr'>multo</span> <span class='ocrx_word' id='word_1_118' title='bbox 706 1579 791 1625; x_wconf 82' lang='lat' dir='ltr'>aetste</span> <span class='ocrx_word' id='word_1_119' title='bbox 813 1567 923 1628; x_wconf 90' lang='lat' dir='ltr'>Perotti</span> <span class='ocrx_word' id='word_1_120' title='bbox 944 1581 1032 1628; x_wconf 83' lang='lat' dir='ltr'>vetu-</span> 
     </span>
    </p>
   </div>
   <div class='ocr_carea' id='block_1_7' title="bbox 67 1645 1061 2719">
    <p class='ocr_par' dir='ltr' id='par_1_7' title="bbox 67 1645 1032 1979">
     <span class='ocr_line' id='line_1_17' title="bbox 134 1645 1032 1725; baseline 0 -13"><span class='ocrx_word' id='word_1_121' title='bbox 134 1655 249 1712; x_wconf 79' lang='lat' dir='ltr'>stiores.</span> <span class='ocrx_word' id='word_1_122' title='bbox 292 1648 446 1717; x_wconf 85' lang='lat' dir='ltr'>Remensis</span> <span class='ocrx_word' id='word_1_123' title='bbox 467 1648 569 1708; x_wconf 87' lang='lat' dir='ltr'>Codex</span> <span class='ocrx_word' id='word_1_124' title='bbox 601 1668 679 1708; x_wconf 85' lang='lat' dir='ltr'>enno</span> <span class='ocrx_word' id='word_1_125' title='bbox 707 1645 795 1725; x_wconf 84' lang='lat' dir='ltr'>hujus</span> <span class='ocrx_word' id='word_1_126' title='bbox 816 1649 907 1710; x_wconf 90' lang='lat' dir='ltr'>seculi</span> <span class='ocrx_word' id='word_1_127' title='bbox 938 1671 1032 1712; x_wconf 79' lang='lat' dir='ltr'>nxx1v</span> 
     </span>
     <span class='ocr_line' id='line_1_18' title="bbox 76 1729 1030 1814; baseline -0.004 -18"><span class='ocrx_word' id='word_1_128' title='bbox 76 1753 80 1796; x_wconf 84' lang='grc' dir='ltr'><em>ῑ</em></span> <span class='ocrx_word' id='word_1_129' title='bbox 133 1734 257 1793; x_wconf 90' lang='lat' dir='ltr'>ineunte</span> <span class='ocrx_word' id='word_1_130' title='bbox 278 1752 348 1793; x_wconf 89' lang='lat' dir='ltr'>cum</span> <span class='ocrx_word' id='word_1_131' title='bbox 368 1729 433 1790; x_wconf 84' lang='lat' dir='ltr'>siiis</span> <span class='ocrx_word' id='word_1_132' title='bbox 453 1729 659 1811; x_wconf 86' lang='lat' dir='ltr'>compluribus</span> <span class='ocrx_word' id='word_1_133' title='bbox 680 1730 777 1793; x_wconf 88' lang='lat' dir='ltr'>Libris</span> <span class='ocrx_word' id='word_1_134' title='bbox 797 1731 1030 1814; x_wconf 86' lang='lat' dir='ltr'>incendio&#39;per·</span> 
     </span>
     <span class='ocr_line' id='line_1_19' title="bbox 78 1812 1030 1896; baseline 0.002 -22"><span class='ocrx_word' id='word_1_135' title='bbox 78 1862 81 1867; x_wconf 60' lang='grc'>,</span> <span class='ocrx_word' id='word_1_136' title='bbox 134 1815 185 1874; x_wconf 85' lang='lat' dir='ltr'>iit:</span> <span class='ocrx_word' id='word_1_137' title='bbox 219 1828 250 1875; x_wconf 86' lang='lat' dir='ltr'>at</span> <span class='ocrx_word' id='word_1_138' title='bbox 270 1826 416 1896; x_wconf 81' lang='lat' dir='ltr'>excerptae</span> <span class='ocrx_word' id='word_1_139' title='bbox 437 1813 607 1896; x_wconf 19' lang='lat' dir='ltr'>vjariaeneius</span> <span class='ocrx_word' id='word_1_140' title='bbox 628 1812 771 1881; x_wconf 80' lang='lat' dir='ltr'>lectiones</span> <span class='ocrx_word' id='word_1_141' title='bbox 793 1815 901 1895; x_wconf 84' lang='lat' dir='ltr'>passim</span> <span class='ocrx_word' id='word_1_142' title='bbox 920 1835 1030 1876; x_wconf 89' lang='lat' dir='ltr'>occur·</span> 
     </span>
     <span class='ocr_line' id='line_1_20' title="bbox 67 1888 1031 1979; baseline 0.001 -21"><span class='ocrx_word' id='word_1_143' title='bbox 67 1894 69 1898; x_wconf 42' lang='lat'><strong><em>⁴</em></strong></span> <span class='ocrx_word' id='word_1_144' title='bbox 134 1897 217 1958; x_wconf 77' lang='lat' dir='ltr'>runt.</span> <span class='ocrx_word' id='word_1_145' title='bbox 260 1895 350 1975; x_wconf 90' lang='lat' dir='ltr'>Quod</span> <span class='ocrx_word' id='word_1_146' title='bbox 372 1895 445 1956; x_wconf 85' lang='lat' dir='ltr'>verd</span> <span class='ocrx_word' id='word_1_147' title='bbox 464 1895 501 1954; x_wconf 82' lang='lat' dir='ltr'>ad</span> <span class='ocrx_word' id='word_1_148' title='bbox 523 1895 612 1977; x_wconf 91' lang='lat' dir='ltr'>ipsius</span> <span class='ocrx_word' id='word_1_149' title='bbox 632 1909 748 1956; x_wconf 70' lang='lat' dir='ltr'>[etatem</span> <span class='ocrx_word' id='word_1_150' title='bbox 766 1888 920 1979; x_wconf 82' lang='lat' dir='ltr'>pertinet,</span> <span class='ocrx_word' id='word_1_151' title='bbox 951 1891 1031 1959; x_wconf 74' lang='lat' dir='ltr'>iisse-</span> 
     </span>
    </p>

    <p class='ocr_par' dir='ltr' id='par_1_8' title="bbox 90 1976 1061 2719">
     <span class='ocr_line' id='line_1_21' title="bbox 134 1976 1061 2061; baseline 0.004 -22"><span class='ocrx_word' id='word_1_152' title='bbox 134 2000 240 2041; x_wconf 83' lang='lat' dir='ltr'>verere</span> <span class='ocrx_word' id='word_1_153' title='bbox 268 1995 391 2060; x_wconf 88' lang='lat' dir='ltr'>possum</span> <span class='ocrx_word' id='word_1_154' title='bbox 425 1980 509 2038; x_wconf 84' lang='lat' dir='ltr'>annis</span> <span class='ocrx_word' id='word_1_155' title='bbox 550 1976 707 2059; x_wconf 74' lang='lat' dir='ltr'>piusquiun</span> <span class='ocrx_word' id='word_1_156' title='bbox 739 1980 909 2061; x_wconf 78' lang='lat' dir='ltr'>quingentis</span> <span class='ocrx_word' id='word_1_157' title='bbox 940 1980 1029 2043; x_wconf 87' lang='lat' dir='ltr'>fuisse</span> <span class='ocrx_word' id='word_1_158' title='bbox 1056 1976 1061 1983; x_wconf 74' lang='grc'><strong>’</strong></span> 
     </span>
     <span class='ocr_line' id='line_1_22' title="bbox 134 2059 1030 2140; baseline 0.002 -19"><span class='ocrx_word' id='word_1_159' title='bbox 134 2075 218 2123; x_wconf 72' lang='lat' dir='ltr'>etate</span> <span class='ocrx_word' id='word_1_160' title='bbox 239 2063 350 2124; x_wconf 88' lang='lat' dir='ltr'>Perotti</span> <span class='ocrx_word' id='word_1_161' title='bbox 370 2059 573 2139; x_wconf 87' lang='lat' dir='ltr'>superiorem;</span> <span class='ocrx_word' id='word_1_162' title='bbox 609 2059 668 2140; x_wconf 85' lang='lat' dir='ltr'>legi</span> <span class='ocrx_word' id='word_1_163' title='bbox 698 2063 831 2122; x_wconf 89' lang='lat' dir='ltr'>enimet</span> <span class='ocrx_word' id='word_1_164' title='bbox 861 2063 1030 2124; x_wconf 81' lang='lat' dir='ltr'>examinavi</span> 
     </span>
     <span class='ocr_line' id='line_1_23' title="bbox 134 2141 1029 2224; baseline -0.001 -19"><span class='ocrx_word' id='word_1_165' title='bbox 134 2165 227 2205; x_wconf 86' lang='lat' dir='ltr'>unam</span> <span class='ocrx_word' id='word_1_166' title='bbox 248 2143 265 2204; x_wconf 78' lang='grc' dir='ltr'>ὲ</span> <span class='ocrx_word' id='word_1_167' title='bbox 287 2141 401 2202; x_wconf 77' lang='lat' dir='ltr'>Phaedri</span> <span class='ocrx_word' id='word_1_168' title='bbox 422 2141 538 2202; x_wconf 81' lang='lat' dir='ltr'>fabellis</span> <span class='ocrx_word' id='word_1_169' title='bbox 564 2145 733 2224; x_wconf 79' lang='lat' dir='ltr'>integram,</span> <span class='ocrx_word' id='word_1_170' title='bbox 754 2144 792 2204; x_wconf 85' lang='lat' dir='ltr'>nd</span> <span class='ocrx_word' id='word_1_171' title='bbox 814 2145 967 2224; x_wconf 73' lang='lat' dir='ltr'>exemplar</span> <span class='ocrx_word' id='word_1_172' title='bbox 987 2143 1029 2204; x_wconf 84' lang='lat' dir='ltr'>il·</span> 
     </span>
     <span class='ocr_line' id='line_1_24' title="bbox 96 2223 1027 2307; baseline 0.005 -26"><span class='ocrx_word' id='word_1_173' title='bbox 96 2274 99 2281; x_wconf 88' lang='lat'><em>.</em></span> <span class='ocrx_word' id='word_1_174' title='bbox 134 2225 188 2287; x_wconf 89' lang='lat' dir='ltr'>lud</span> <span class='ocrx_word' id='word_1_175' title='bbox 223 2223 371 2286; x_wconf 76' lang='lat' dir='ltr'>Ii&#39;emense</span> <span class='ocrx_word' id='word_1_176' title='bbox 401 2223 519 2304; x_wconf 74' lang='lat' dir='ltr'>scalpro</span> <span class='ocrx_word' id='word_1_177' title='bbox 553 2239 642 2285; x_wconf 86' lang='lat' dir='ltr'>scuto</span> <span class='ocrx_word' id='word_1_178' title='bbox 674 2226 803 2287; x_wconf 78' lang='lat' dir='ltr'>fideliter</span> <span class='ocrx_word' id='word_1_179' title='bbox 835 2247 1027 2307; x_wconf 80' lang='lat' dir='ltr'>expressum,</span> 
     </span>
     <span class='ocr_line' id='line_1_25' title="bbox 134 2306 1030 2390; baseline -0.001 -21"><span class='ocrx_word' id='word_1_180' title='bbox 134 2329 199 2390; x_wconf 85' lang='lat' dir='ltr'>quae</span> <span class='ocrx_word' id='word_1_181' title='bbox 221 2307 335 2368; x_wconf 80' lang='lat' dir='ltr'>Parisiis</span> <span class='ocrx_word' id='word_1_182' title='bbox 356 2308 387 2366; x_wconf 95' lang='lat' dir='ltr'>in</span> <span class='ocrx_word' id='word_1_183' title='bbox 409 2306 696 2388; x_wconf 74' lang='lat' dir='ltr'>RegidBibliothecd</span> <span class='ocrx_word' id='word_1_184' title='bbox 718 2323 860 2370; x_wconf 86' lang='lat' dir='ltr'>servatur.</span> <span class='ocrx_word' id='word_1_185' title='bbox 892 2307 1030 2370; x_wconf 77' lang='lat' dir='ltr'>Pithoeu-</span> 
     </span>
     <span class='ocr_line' id='line_1_26' title="bbox 133 2388 1028 2455; baseline 0 -3"><span class='ocrx_word' id='word_1_186' title='bbox 133 2412 208 2455; x_wconf 85' lang='lat' dir='ltr'>num</span> <span class='ocrx_word' id='word_1_187' title='bbox 237 2398 338 2455; x_wconf 76' lang='lat' dir='ltr'>sutem</span> <span class='ocrx_word' id='word_1_188' title='bbox 368 2388 513 2450; x_wconf 88' lang='lat' dir='ltr'>Codicem</span> <span class='ocrx_word' id='word_1_189' title='bbox 539 2389 642 2451; x_wconf 89' lang='lat' dir='ltr'>docuit</span> <span class='ocrx_word' id='word_1_190' title='bbox 674 2412 728 2451; x_wconf 91' lang='lat' dir='ltr'>nos</span> <span class='ocrx_word' id='word_1_191' title='bbox 757 2389 879 2451; x_wconf 82' lang='lat' dir='ltr'>Gabriel</span> <span class='ocrx_word' id='word_1_192' title='bbox 910 2392 1028 2453; x_wconf 87' lang='lat' dir='ltr'>Brotier</span> 
     </span>
     <span class='ocr_line' id='line_1_27' title="bbox 131 2471 1028 2555; baseline 0.001 -21"><span class='ocrx_word' id='word_1_193' title='bbox 131 2471 276 2555; x_wconf 91' lang='lat' dir='ltr'>possideri</span> <span class='ocrx_word' id='word_1_194' title='bbox 296 2493 376 2533; x_wconf 91' lang='lat' dir='ltr'>nunc</span> <span class='ocrx_word' id='word_1_195' title='bbox 397 2471 434 2531; x_wconf 83' lang='lat' dir='ltr'>ab</span> <span class='ocrx_word' id='word_1_196' title='bbox 455 2471 653 2534; x_wconf 89' lang='lat' dir='ltr'>illustrissimo</span> <span class='ocrx_word' id='word_1_197' title='bbox 681 2473 724 2535; x_wconf 84' lang='lat' dir='ltr'>Le</span> <span class='ocrx_word' id='word_1_198' title='bbox 744 2473 881 2535; x_wconf 86' lang='lat' dir='ltr'>Pelletier</span> <span class='ocrx_word' id='word_1_199' title='bbox 902 2473 940 2534; x_wconf 90' lang='lat' dir='ltr'>de</span> <span class='ocrx_word' id='word_1_200' title='bbox 962 2475 1028 2536; x_wconf 76' lang='lat' dir='ltr'>Ro·</span> 
     </span>
     <span class='ocr_line' id='line_1_28' title="bbox 131 2553 1028 2636; baseline 0.002 -20"><span class='ocrx_word' id='word_1_201' title='bbox 131 2553 388 2632; x_wconf 81' lang='lat' dir='ltr'>senbo,Senati1s</span> <span class='ocrx_word' id='word_1_202' title='bbox 410 2554 575 2616; x_wconf 83' lang='lat' dir='ltr'>Porisiensis</span> <span class='ocrx_word' id='word_1_203' title='bbox 601 2554 741 2628; x_wconf 83' lang='lat' dir='ltr'>Praeside‚</span> <span class='ocrx_word' id='word_1_204' title='bbox 764 2557 781 2614; x_wconf 75' lang='lat' dir='ltr'>is</span> <span class='ocrx_word' id='word_1_205' title='bbox 801 2576 862 2636; x_wconf 90' lang='lat' dir='ltr'>quo</span> <span class='ocrx_word' id='word_1_206' title='bbox 882 2557 1028 2618; x_wconf 85' lang='lat' dir='ltr'>utendum</span> 
     </span>
     <span class='ocr_line' id='line_1_29' title="bbox 90 2636 1028 2719; baseline 0.004 -22"><span class='ocrx_word' id='word_1_207' title='bbox 90 2643 93 2647; x_wconf 83' lang='lat'>&#39;</span> <span class='ocrx_word' id='word_1_208' title='bbox 131 2637 220 2700; x_wconf 86' lang='lat' dir='ltr'>iilum</span> <span class='ocrx_word' id='word_1_209' title='bbox 250 2637 383 2717; x_wconf 83' lang='lat' dir='ltr'>occepit:</span> <span class='ocrx_word' id='word_1_210' title='bbox 418 2636 442 2698; x_wconf 88' lang='lat' dir='ltr'>is</span> <span class='ocrx_word' id='word_1_211' title='bbox 473 2638 582 2716; x_wconf 71' lang='lat' dir='ltr'>porris,</span> <span class='ocrx_word' id='word_1_212' title='bbox 616 2637 724 2699; x_wconf 86' lang='lat' dir='ltr'>veteris</span> <span class='ocrx_word' id='word_1_213' title='bbox 755 2638 907 2719; x_wconf 79' lang='lat' dir='ltr'>scripturos</span> <span class='ocrx_word' id='word_1_214' title='bbox 936 2638 1028 2717; x_wconf 79' lang='lat' dir='ltr'>judex</span> 
     </span>
    </p>
   </div>
   <div class='ocr_carea' id='block_1_8' title="bbox 36 2717 1028 2797">
    <p class='ocr_par' dir='ltr' id='par_1_9' title="bbox 36 2717 1028 2797">
     <span class='ocr_line' id='line_1_30' title="bbox 36 2717 1028 2797; baseline 0.002 -16"><span class='ocrx_word' id='word_1_215' title='bbox 36 2731 38 2735; x_wconf 78' lang='grc'>’</span> <span class='ocrx_word' id='word_1_216' title='bbox 131 2720 277 2797; x_wconf 86' lang='lat' dir='ltr'>idoneus,</span> <span class='ocrx_word' id='word_1_217' title='bbox 312 2717 454 2787; x_wconf 71' lang='lat' dir='ltr'>(Iudicem</span> <span class='ocrx_word' id='word_1_218' title='bbox 475 2719 555 2780; x_wconf 91' lang='lat' dir='ltr'>hunc</span> <span class='ocrx_word' id='word_1_219' title='bbox 575 2723 655 2780; x_wconf 70' lang='lat' dir='ltr'>&#39;ante</span> <span class='ocrx_word' id='word_1_220' title='bbox 687 2742 795 2783; x_wconf 88' lang='lat' dir='ltr'>nocco</span> <span class='ocrx_word' id='word_1_221' title='bbox 814 2740 908 2783; x_wconf 85' lang='lat' dir='ltr'>ennos</span> <span class='ocrx_word' id='word_1_222' title='bbox 937 2721 1028 2784; x_wconf 85' lang='lat' dir='ltr'>fuisse</span> 
     </span>
    </p>
   </div>
   <div class='ocr_carea' id='block_1_9' title="bbox 132 2802 688 2885">
    <p class='ocr_par' dir='ltr' id='par_1_10' title="bbox 132 2802 688 2885">
     <span class='ocr_line' id='line_1_31' title="bbox 132 2802 688 2885; baseline -0.007 -19"><span class='ocrx_word' id='word_1_223' title='bbox 132 2804 300 2885; x_wconf 88' lang='lat' dir='ltr'>scriptum,</span> <span class='ocrx_word' id='word_1_224' title='bbox 322 2823 452 2865; x_wconf 81' lang='lat' dir='ltr'>asserere</span> <span class='ocrx_word' id='word_1_225' title='bbox 473 2821 535 2864; x_wconf 89' lang='lat' dir='ltr'>non</span> <span class='ocrx_word' id='word_1_226' title='bbox 556 2802 688 2863; x_wconf 71' lang='lat' dir='ltr'>dubitat.v</span> 
     </span>
    </p>
   </div>
   <div class='ocr_carea' id='block_1_10' title="bbox 68 2894 1071 3574">
    <p class='ocr_par' dir='ltr' id='par_1_11' title="bbox 68 2894 1071 3398">
     <span class='ocr_line' id='line_1_32' title="bbox 193 2894 1027 2984; baseline 0 -18"><span class='ocrx_word' id='word_1_227' title='bbox 193 2903 269 2966; x_wconf 85' lang='lat' dir='ltr'>Tam</span> <span class='ocrx_word' id='word_1_228' title='bbox 292 2900 439 2984; x_wconf 82' lang='lat' dir='ltr'>legitimus</span> <span class='ocrx_word' id='word_1_229' title='bbox 459 2903 650 2965; x_wconf 73' lang='lat' dir='ltr'>auctoritates</span> <span class='ocrx_word' id='word_1_230' title='bbox 663 2904 723 2984; x_wconf 81' lang='lat' dir='ltr'>qud</span> <span class='ocrx_word' id='word_1_231' title='bbox 744 2894 865 2964; x_wconf 70' lang='lat' dir='ltr'>ratione‘</span> <span class='ocrx_word' id='word_1_232' title='bbox 881 2901 1027 2966; x_wconf 86' lang='lat' dir='ltr'>Christius</span> 
     </span>
     <span class='ocr_line' id='line_1_33' title="bbox 68 2983 1071 3068; baseline 0.007 -27"><span class='ocrx_word' id='word_1_233' title='bbox 68 3033 72 3041; x_wconf 93' lang='lat'>.</span> <span class='ocrx_word' id='word_1_234' title='bbox 131 2983 275 3067; x_wconf 82' lang='lat' dir='ltr'>defugere</span> <span class='ocrx_word' id='word_1_235' title='bbox 296 2987 396 3066; x_wconf 90' lang='lat' dir='ltr'>possit,</span> <span class='ocrx_word' id='word_1_236' title='bbox 418 3006 479 3045; x_wconf 91' lang='lat' dir='ltr'>non</span> <span class='ocrx_word' id='word_1_237' title='bbox 501 2984 598 3048; x_wconf 84' lang='lat' dir='ltr'>video.</span> <span class='ocrx_word' id='word_1_238' title='bbox 641 2986 699 3046; x_wconf 75' lang='lat' dir='ltr'>sed</span> <span class='ocrx_word' id='word_1_239' title='bbox 720 2985 772 3046; x_wconf 82' lang='lat' dir='ltr'>has</span> <span class='ocrx_word' id='word_1_240' title='bbox 798 2984 931 3060; x_wconf 77' lang='lat' dir='ltr'>fabellas,</span> <span class='ocrx_word' id='word_1_241' title='bbox 953 3008 1027 3068; x_wconf 83' lang='lat' dir='ltr'>ques</span> <span class='ocrx_word' id='word_1_242' title='bbox 1069 3030 1071 3037; x_wconf 84' lang='lat'>·</span> 
     </span>
     <span class='ocr_line' id='line_1_34' title="bbox 131 3066 1027 3144; baseline 0.003 -17"><span class='ocrx_word' id='word_1_243' title='bbox 131 3090 187 3130; x_wconf 92' lang='lat' dir='ltr'>nos</span> <span class='ocrx_word' id='word_1_244' title='bbox 218 3066 273 3128; x_wconf 83' lang='lat' dir='ltr'>sub</span> <span class='ocrx_word' id='word_1_245' title='bbox 306 3067 420 3129; x_wconf 76' lang='lat' dir='ltr'>Phaedri</span> <span class='ocrx_word' id='word_1_246' title='bbox 453 3069 575 3130; x_wconf 84' lang='lat' dir='ltr'>nornine</span> <span class='ocrx_word' id='word_1_247' title='bbox 607 3068 812 3144; x_wconf 84' lang='lat' dir='ltr'>venditemus,</span> <span class='ocrx_word' id='word_1_248' title='bbox 846 3069 894 3129; x_wconf 83' lang='lat' dir='ltr'>vix</span> <span class='ocrx_word' id='word_1_249' title='bbox 921 3069 1027 3130; x_wconf 73' lang='lat' dir='ltr'>latinis</span> 
     </span>
     <span class='ocr_line' id='line_1_35' title="bbox 132 3150 1025 3234; baseline 0 -22"><span class='ocrx_word' id='word_1_250' title='bbox 132 3166 216 3223; x_wconf 80' lang='lat' dir='ltr'>esse,</span> <span class='ocrx_word' id='word_1_251' title='bbox 237 3162 352 3234; x_wconf 75' lang='lat' dir='ltr'>scutere</span> <span class='ocrx_word' id='word_1_252' title='bbox 373 3150 479 3215; x_wconf 79' lang='lat' dir='ltr'>saitem</span> <span class='ocrx_word' id='word_1_253' title='bbox 499 3150 607 3233; x_wconf 89' lang='lat' dir='ltr'>ineptis</span> <span class='ocrx_word' id='word_1_254' title='bbox 626 3150 829 3213; x_wconf 86' lang='lat' dir='ltr'>locutionibus</span> <span class='ocrx_word' id='word_1_255' title='bbox 851 3151 1025 3213; x_wconf 68' lang='lat' dir='ltr'>contendite</span> 
     </span>
     <span class='ocr_line' id='line_1_36' title="bbox 131 3228 1025 3314; baseline 0 -20"><span class='ocrx_word' id='word_1_256' title='bbox 131 3232 213 3314; x_wconf 88' lang='lat' dir='ltr'>quod</span> <span class='ocrx_word' id='word_1_257' title='bbox 233 3245 271 3311; x_wconf 82' lang='lat' dir='ltr'>et</span> <span class='ocrx_word' id='word_1_258' title='bbox 284 3232 373 3295; x_wconf 79' lang='lat' dir='ltr'>variis</span> <span class='ocrx_word' id='word_1_259' title='bbox 392 3228 559 3314; x_wconf 82' lang='lat' dir='ltr'>exemplis,</span> <span class='ocrx_word' id='word_1_260' title='bbox 591 3247 622 3301; x_wconf 81' lang='lat' dir='ltr'>ut</span> <span class='ocrx_word' id='word_1_261' title='bbox 641 3246 778 3295; x_wconf 83' lang='lat' dir='ltr'>successu</span> <span class='ocrx_word' id='word_1_262' title='bbox 799 3234 1025 3314; x_wconf 80' lang='lat' dir='ltr'>infelicissimo,</span> 
     </span>
     <span class='ocr_line' id='line_1_37' title="bbox 131 3314 1027 3398; baseline 0.001 -22"><span class='ocrx_word' id='word_1_263' title='bbox 131 3327 256 3377; x_wconf 79' lang='lat' dir='ltr'>conatus</span> <span class='ocrx_word' id='word_1_264' title='bbox 277 3328 321 3375; x_wconf 88' lang='lat' dir='ltr'>est</span> <span class='ocrx_word' id='word_1_265' title='bbox 341 3314 508 3378; x_wconf 83' lang='lat' dir='ltr'>ostendere.</span> <span class='ocrx_word' id='word_1_266' title='bbox 550 3316 616 3398; x_wconf 81' lang='lat' dir='ltr'>Ego</span> <span class='ocrx_word' id='word_1_267' title='bbox 647 3314 719 3378; x_wconf 63' lang='lat' dir='ltr'>v‘erd</span> <span class='ocrx_word' id='word_1_268' title='bbox 741 3319 779 3376; x_wconf 86' lang='lat' dir='ltr'>nb</span> <span class='ocrx_word' id='word_1_269' title='bbox 800 3316 944 3396; x_wconf 86' lang='lat' dir='ltr'>ejusmodi</span> <span class='ocrx_word' id='word_1_270' title='bbox 969 3316 1027 3377; x_wconf 83' lang='lat' dir='ltr'>ed·</span> 
     </span>
    </p>

    <p class='ocr_par' dir='ltr' id='par_1_12' title="bbox 69 3397 1025 3574">
     <span class='ocr_line' id='line_1_38' title="bbox 103 3397 1025 3468; baseline 0.007 -15"><span class='ocrx_word' id='word_1_271' title='bbox 103 3446 107 3453; x_wconf 85' lang='lat'><strong>.</strong></span> <span class='ocrx_word' id='word_1_272' title='bbox 130 3397 262 3468; x_wconf 79' lang='lat' dir='ltr'>versario</span> <span class='ocrx_word' id='word_1_273' title='bbox 283 3397 441 3459; x_wconf 78' lang='lat' dir='ltr'>refutando</span> <span class='ocrx_word' id='word_1_274' title='bbox 463 3420 523 3460; x_wconf 86' lang='lat' dir='ltr'>esse</span> <span class='ocrx_word' id='word_1_275' title='bbox 544 3399 620 3460; x_wconf 80' lang='lat' dir='ltr'>mihi</span> <span class='ocrx_word' id='word_1_276' title='bbox 641 3398 849 3461; x_wconf 78' lang='lat' dir='ltr'>abstinendum</span> <span class='ocrx_word' id='word_1_277' title='bbox 869 3422 906 3460; x_wconf 90' lang='lat' dir='ltr'>eo</span> <span class='ocrx_word' id='word_1_278' title='bbox 927 3398 1025 3459; x_wconf 84' lang='lat' dir='ltr'>liben-</span> 
     </span>
     <span class='ocr_line' id='line_1_39' title="bbox 69 3477 1024 3574; baseline 0.002 -30"><span class='ocrx_word' id='word_1_279' title='bbox 69 3562 72 3566; x_wconf 12' lang='grc' dir='ltr'><em>Δ</em></span> <span class='ocrx_word' id='word_1_280' title='bbox 131 3479 190 3544; x_wconf 80' lang='lat' dir='ltr'>tiits</span> <span class='ocrx_word' id='word_1_281' title='bbox 220 3477 352 3559; x_wconf 83' lang='lat' dir='ltr'>credidi,</span> <span class='ocrx_word' id='word_1_282' title='bbox 385 3480 466 3568; x_wconf 88' lang='lat' dir='ltr'>quod</span> <span class='ocrx_word' id='word_1_283' title='bbox 486 3483 535 3574; x_wconf 52' lang='lat' dir='ltr'>Io,</span> <span class='ocrx_word' id='word_1_284' title='bbox 553 3483 621 3548; x_wconf 76' lang='lat' dir='ltr'>nic.</span> <span class='ocrx_word' id='word_1_285' title='bbox 644 3482 794 3548; x_wconf 85' lang='lat' dir='ltr'>Funccius</span> <span class='ocrx_word' id='word_1_286' title='bbox 805 3528 816 3564; x_wconf 97' lang='lat'>,</span> <span class='ocrx_word' id='word_1_287' title='bbox 851 3498 930 3545; x_wconf 82' lang='lat' dir='ltr'>enno</span> <span class='ocrx_word' id='word_1_288' title='bbox 943 3481 1024 3565; x_wconf 82' lang='lat' dir='ltr'><strong>·-jam</strong></span> 
     </span>
    </p>
   </div>
   <div class='ocr_carea' id='block_1_11' title="bbox 0 0 1290 4020">
    <p class='ocr_par' dir='ltr' id='par_1_13' title="bbox 0 0 1290 4020">
     <span class='ocr_line' id='line_1_40' title="bbox 0 0 1290 4020; baseline 0 2"><span class='ocrx_word' id='word_1_289' title='bbox 0 0 1290 4020; x_wconf 95' lang='lat' dir='ltr'> </span> 
     </span>
    </p>
   </div>
  </div>
 </body>
</html>
