2572 4020
330 258 428 298 xxxiv
454 186 459 204 =
618 266 621 270 ·
666 235 901 297 celerimo.

331 412 448 472 umen,
484 419 544 460 non
574 395 711 457 delinisse
743 395 788 457 his
816 394 1218 478 editionibusmnumereri

330 463 502 561 Apolo‘gos
526 477 671 538 Phaedrios
709 478 768 538 lac.
805 478 967 559 Regnerii,
1008 500 1086 540 enno
1123 480 1217 554 1643,

266 608 268 612 Α
331 583 393 622 nou
414 561 445 621 ld
467 564 542 633 Bvo,
575 559 675 620 sed'iu
703 580 746 619 12.
768 560 894 620 Divione
915 558 1025 637 editos,
1060 561 1219 641 inquibus

329 641 468 703 videlicet
493 640 566 703 nihil
594 640 717 703 omnino
740 641 906 716 invenitur,
939 641 1019 724 quod
1045 642 1081 702 ad
1102 641 1218 704 subules

302 729 306 735 '
330 722 449 785 Phaedri
468 725 628 803 pertinente
662 736 693 780 at
712 721 800 784 simul
820 743 954 785 errorem
976 724 1055 790 huuc
1076 723 1217 785 facillime

331 806 494 879 excusabo,
524 805 640 887 quippe
660 805 907 883 quicommuuis
927 818 989 878 est,
1023 820 1054 866 et
1084 807 1145 884 jum
1162 805 1233 889 “ehs

247 884 248 895 ¹
331 888 415 965 aunis
434 887 553 948 circiter
573 885 683 967 quadro
703 889 763 948 inta
790 887 821 947 in
842 886 998 959 omnihus,
1031 907 1105 968 quos
1136 885 1216 963 vidit,

264 995 294 1052 Ἰ
331 968 494 1030 editionum
516 967 633 1029 Phaedri·
648 905 793 1030 indicibus
818 965 1034 1049 pervulgatus:
1255 964 1259 968 ⁴

394 1051 495 1111 Restat
534 1065 569 1111 ut
608 1048 753 1113 rationem
787 1049 917 1110 breviter
957 1044 1125 1128 exponaiu,
1158 1051 1218 1130 qui
1259 1112 1262 1117 ,

332 1151 428 1192 mecm
451 1131 528 1193 hanc
558 1129 674 1194 Phaedri
698 1133 858 1194 editionem
884 1130 1094 1191 accuraverim.
1138 1132 1217 1192 Ante
1247 1122 1256 1139 '

333 1214 431 1274 omnia
454 1212 636 1296 diligentiam
657 1224 688 1271 ct
708 1213 842 1283 lahorem
863 1209 894 1268 in
914 1231 951 1270 eo
971 1211 1072 1292 posui,
1108 1225 1141 1271 ut
1160 1232 1217 1271 co·-

333 1296 498 1377 gnitiouem
527 1290 742 1374 exemplarium
766 1288 907 1352 Pithoeaui
927 1304 958 1352 ct
987 1293 1139 1354 Remensis
1159 1294 1217 1353 hc-

332 1377 436 1438 hcrem
456 1377 666 1438 certissimam:
704 1373 784 1454 quod
805 1371 874 1431 edm
886 1374 1049 1453 'per'solas
1073 1375 1217 1436 editiones

332 1457 455 1533 Pitheci,
490 1455 647 1536 Rigaltiive
675 1453 772 1515 minius
791 1450 913 1528 fideles,
946 1454 1034 1536 quem
1061 1457 1216 1534 oportuit,

333 1553 470 1620 prestere
490 1557 551 1596 non
572 1538 704 1613 possemt
734 1535 934 1615 peroportunc
956 1535 1137 1599 Bibliotheca
1157 1559 1217 1598 uo-

332 1620 385 1678 stri
418 1617 491 1677 olim
521 1615 646 1698 collegii
679 1617 847 1678 Parisiensis
871 1617 1066 1699 suppeditavit
1097 1618 1214 1678 missam

332 1699 434 1758 Remis
465 1697 501 1758 ad
537 1699 641 1762 Prasc.
663 1700 856 1761 vavassorem
883 1698 1052 1779 epistolem,
1081 1721 1145 1782 quc
1171 1698 1216 1759 le·

284 1816 289 1823 -
332 1780 445 1840 ctiones
465 1780 563 1840 varias
582 1779 751 1863 complures
770 1795 802 1842 et
821 1779 934 1842 sahulns
945 1782 1058 1864 aliquot
1077 1782 1215 1862 integras,

331 1860 460 1922 fideliter
480 1856 661 1945 exscriptos,
682 1864 862 1926 contineret:
891 1864 1120 1946 qucm‘quidem
1140 1863 1216 1924 scri·

332 1956 428 2025 pturre
453 1947 623 2007 varietatem
643 1943 797 2026 diligenter
828 1944 942 2006 contuli
962 1966 1031 2006 cum
1063 1946 1149 2025 pariis
1171 1945 1215 2005 lc-

332 2025 502 2104 ctionihtu,
529 2025 567 2089 ex
591 2024 700 2111 eodem
727 2025 838 2089 Codice
868 2027 1006 2090 Remensi
1038 2029 1055 2088 'a
1085 2025 1215 2109 Rigaltio

333 2107 491 2190 Gudioquc
512 2108 687 2190 excerptiss
703 2107 809 2169 deiude
835 2108 929 2170 varias
949 2107 1089 2170 lectiones
1115 2113 1131 2168 ἑ
1162 2108 1217 2167 tis

333 2186 452 2251 thoeano
474 2190 584 2251 Codice
603 2212 666 2251 non
685 2190 782 2263 sollum
800 2192 841 2272 ιιὶ)ι
857 2191 921 2272 ipso
943 2192 1076 2263 Pithoeo,
1098 2189 1148 2250 sed
1168 2202 1215 2249 et·

331 2269 391 2332 ictu
413 2293 430 2331 a
450 2271 607 2347 Neveleto,
640 2272 818 2356 demumque
839 2274 856 2334 d
877 2273 1018 2334 Chartuld
1046 2273 1121 2332 Petri
1152 2271 1228 2352 Dn-¹

332 2350 418 2447 nicius
438 2354 455 2411 h
476 2353 604 2434 Rigaltio
629 2354 769 2417 collectas
788 2355 909 2416 discussi
928 2367 959 2416 et
983 2353 1108 2416 invicem
1128 2373 1225 2418 cotn-¹

331 2445 434 2495 missas
453 2435 626 2496 examinavi
856 2492 864 2505 ,
893 2509 898 2519 Ι

385 2517 502 2576 «Ρῑεῑιιε
523 2516 568 2578 his
588 2513 725 2581 subsidiis,
744 2537 818 2598 opus
838 2515 1162 2589 Phrerlriunirersnm,
1192 2522 1217 2575 si

333 2617 394 2657 non
420 2617 458 2657 cx
483 2611 547 2659 toto
574 2603 605 2659 in
634 2599 788 2680 pristinam
821 2599 1017 2679 integritatem
1043 2598 1214 2671 restituere,

329 2678 437 2749 saltent
456 2681 495 2749 oh
511 2679 614 2742 audaci
635 2669 876 2762 interpolantium
895 2679 1060 2742 temeritate
1081 2677 1216 2761 permul-

332 2763 370 2821 tis
389 2763 420 2821 in
440 2760 514 2822 locis
524 2763 674 2824 vindicare
693 2763 763 2824 satis
774 2761 907 2834 ¹feliciter
926 2782 976 2822 me
988 2780 1072 2842 posse
1091 2760 1215 2822 credidi.

333 2843 423 2921 Quod
443 2858 477 2907 ut
497 2865 696 2927 exsequerer,
729 2864 880 2926 nunquam
911 2844 975 2904 fere
996 2844 1016 2903 ἕ
1042 2843 1217 2918 lectionibus

333 2937 467 2987 veterum
488 2926 655 3003 Codicum,
686 2925 741 3071 npp‘
761 2926 814 3005 uhi
833 2945 919 2986 error
939 2923 1129 2986 librariorum
1150 2945 1217 2985 ma-

738 3053 748 3084 5

332 3005 455 3069 niiertus
468 3007 701 3089 deprehenderet
768 3005 843 3067 mihi
854 3027 916 3068 esse
931 3007 1129 3069 recedendum
1142 3026 1217 3066 cen·

332 3087 398 3148 sni:
433 3103 520 3172 atquc
547 3102 619 3153 tunc
639 3090 728 3152 etiem
754 3104 788 3152 ut
813 3089 1009 3161 mutationes,
1043 3110 1108 3170 quac
1134 3089 1217 3149 fectae

220 3234 223 3242 ,
331 3166 471 3246 ftitsscut,
502 3173 597 3254 quivis
612 3173 707 3250 'dijudi
745 3191 777 3232 re
797 3186 913 3252 posset,
931 3173 1113 3252 ,scripturam
1134 3184 1217 3231 vete·

331 3272 412 3323 rem,
434 3256 621 3335 quantumvis
641 3255 678 3315 ub
729 3253 814 3327 dam,
835 3253 1011 3337 plerumque
1034 3252 1156 3331 subjeci.

364 3350 369 3357 ’
393 3334 485 3397 sous
507 3337 620 3414 hreves,
642 3356 748 3418 easque
768 3335 891 3396 minime
913 3350 1071 3418 perpetuas
1091 3335 1216 3419 adjicere

330 3415 460 3495 primum
486 3421 644 3481 statueram
651 3443 661 3492 3
700 3416 780 3499 quod
806 3433 837 3479 et
869 3418 958 3479 fuisse
992 3416 1152 3499 prestitum
1185 3414 1216 3482 iu

330 3497 546 3603 priore-laihte
562 3500 660 3564 dacil'c
686 3499 878 3567 animadverti
906 3514 1019 3584 potest:
1041 3513 1073 3561 at
1098 3496 1216 3581 poste'a,
