<?xml version="1.0" encoding="UTF-8"?>
<!DOCTYPE html PUBLIC "-//W3C//DTD XHTML 1.0 Transitional//EN"
    "http://www.w3.org/TR/xhtml1/DTD/xhtml1-transitional.dtd">
<html xmlns="http://www.w3.org/1999/xhtml" xml:lang="en" lang="en">
 <head>
  <title>
</title>
<meta http-equiv="Content-Type" content="text/html;charset=utf-8" />
  <meta name='ocr-system' content='tesseract 3.04.00' />
  <meta name='ocr-capabilities' content='ocr_page ocr_carea ocr_par ocr_line ocrx_word'/>
</head>
<body>
  <div class='ocr_page' id='page_1' title='image "./fabvlarvmaesopi00phaegoog_0042.png"; bbox 0 0 2572 4020; ppageno 0'>
   <div class='ocr_carea' id='block_1_1' title="bbox 350 229 953 327">
    <p class='ocr_par' dir='ltr' id='par_1_1' title="bbox 350 229 953 327">
     <span class='ocr_line' id='line_1_1' title="bbox 350 229 953 327; baseline 0 -34"><span class='ocrx_word' id='word_1_1' title='bbox 350 299 360 309; x_wconf 46' lang='grc'><strong>,</strong></span> <span class='ocrx_word' id='word_1_2' title='bbox 383 229 537 295; x_wconf 84' lang='lat' dir='ltr'><strong>DISPVT.</strong></span> <span class='ocrx_word' id='word_1_3' title='bbox 559 231 618 293; x_wconf 86' lang='lat' dir='ltr'>lll.</span> <span class='ocrx_word' id='word_1_4' title='bbox 799 274 803 283; x_wconf 80' lang='lat'>·</span> <span class='ocrx_word' id='word_1_5' title='bbox 863 252 953 327; x_wconf 57' lang='lat' dir='ltr'>sup</span> 
     </span>
    </p>
   </div>
   <div class='ocr_carea' id='block_1_2' title="bbox 26 391 965 880">
    <p class='ocr_par' dir='ltr' id='par_1_2' title="bbox 26 391 965 880">
     <span class='ocr_line' id='line_1_2' title="bbox 59 391 947 475; baseline -0.001 -17"><span class='ocrx_word' id='word_1_6' title='bbox 59 395 128 458; x_wconf 80' lang='lat' dir='ltr'>clam</span> <span class='ocrx_word' id='word_1_7' title='bbox 149 394 300 475; x_wconf 79' lang='lat' dir='ltr'>relegeret</span> <span class='ocrx_word' id='word_1_8' title='bbox 320 393 443 460; x_wconf 80' lang='lat' dir='ltr'>animus-</span> <span class='ocrx_word' id='word_1_9' title='bbox 455 409 516 464; x_wconf 70' lang='lat' dir='ltr'>,tnm</span> <span class='ocrx_word' id='word_1_10' title='bbox 528 393 621 457; x_wconf 90' lang='lat' dir='ltr'>multa</span> <span class='ocrx_word' id='word_1_11' title='bbox 643 415 659 454; x_wconf 87' lang='lat' dir='ltr'>a</span> <span class='ocrx_word' id='word_1_12' title='bbox 681 414 730 457; x_wconf 88' lang='lat' dir='ltr'>me</span> <span class='ocrx_word' id='word_1_13' title='bbox 750 394 823 470; x_wconf 86' lang='lat' dir='ltr'>olim</span> <span class='ocrx_word' id='word_1_14' title='bbox 844 391 947 457; x_wconf 83' lang='lat' dir='ltr'>labore</span> 
     </span>
     <span class='ocr_line' id='line_1_3' title="bbox 26 464 947 560; baseline -0.002 -22"><span class='ocrx_word' id='word_1_15' title='bbox 26 540 30 546; x_wconf 77' lang='grc'><strong>,</strong></span> <span class='ocrx_word' id='word_1_16' title='bbox 58 497 168 559; x_wconf 81' lang='lat' dir='ltr'>magno</span> <span class='ocrx_word' id='word_1_17' title='bbox 196 492 356 557; x_wconf 85' lang='lat' dir='ltr'>praeparata</span> <span class='ocrx_word' id='word_1_18' title='bbox 383 477 551 560; x_wconf 77' lang='lat' dir='ltr'>negligere,</span> <span class='ocrx_word' id='word_1_19' title='bbox 585 477 771 558; x_wconf 81' lang='lat' dir='ltr'><strong>tenebrisque</strong></span> <span class='ocrx_word' id='word_1_20' title='bbox 801 464 947 559; x_wconf 67' lang='lat' dir='ltr'>devovere</span> 
     </span>
     <span class='ocr_line' id='line_1_4' title="bbox 57 556 965 642; baseline -0.002 -21"><span class='ocrx_word' id='word_1_21' title='bbox 57 557 264 640; x_wconf 73' lang='lat' dir='ltr'>sempiternis,</span> <span class='ocrx_word' id='word_1_22' title='bbox 286 559 505 620; x_wconf 84' lang='lat' dir='ltr'>observationes</span> <span class='ocrx_word' id='word_1_23' title='bbox 525 558 615 642; x_wconf 90' lang='lat' dir='ltr'>paulo</span> <span class='ocrx_word' id='word_1_24' title='bbox 637 558 804 632; x_wconf 83' lang='lat' dir='ltr'>uberiores,</span> <span class='ocrx_word' id='word_1_25' title='bbox 832 556 965 620; x_wconf 84' lang='lat' dir='ltr'>multo-·</span> 
     </span>
     <span class='ocr_line' id='line_1_5' title="bbox 59 637 947 723; baseline -0.001 -22"><span class='ocrx_word' id='word_1_26' title='bbox 59 661 117 723; x_wconf 88' lang='lat' dir='ltr'>que</span> <span class='ocrx_word' id='word_1_27' title='bbox 130 640 355 721; x_wconf 78' lang='lat' dir='ltr'>¹frequentiores</span> <span class='ocrx_word' id='word_1_28' title='bbox 366 641 500 720; x_wconf 84' lang='lat' dir='ltr'>excerpsi</span> <span class='ocrx_word' id='word_1_29' title='bbox 507 685 525 717; x_wconf 77' lang='lat'>,</span> <span class='ocrx_word' id='word_1_30' title='bbox 538 657 568 702; x_wconf 89' lang='lat' dir='ltr'>et</span> <span class='ocrx_word' id='word_1_31' title='bbox 588 643 625 707; x_wconf 80' lang='lat' dir='ltr'>ab</span> <span class='ocrx_word' id='word_1_32' title='bbox 647 641 767 700; x_wconf 86' lang='lat' dir='ltr'>interitu</span> <span class='ocrx_word' id='word_1_33' title='bbox 790 637 828 700; x_wconf 79' lang='lat' dir='ltr'>ad</span> <span class='ocrx_word' id='word_1_34' title='bbox 847 639 947 700; x_wconf 86' lang='lat' dir='ltr'>lucem</span> 
     </span>
     <span class='ocr_line' id='line_1_6' title="bbox 58 720 947 803; baseline -0.002 -18"><span class='ocrx_word' id='word_1_35' title='bbox 58 724 208 803; x_wconf 85' lang='lat' dir='ltr'>vitamque</span> <span class='ocrx_word' id='word_1_36' title='bbox 219 720 369 783; x_wconf 86' lang='lat' dir='ltr'>vindicare</span> <span class='ocrx_word' id='word_1_37' title='bbox 389 721 504 788; x_wconf 85' lang='lat' dir='ltr'>studui:</span> <span class='ocrx_word' id='word_1_38' title='bbox 526 743 575 785; x_wconf 87' lang='lat' dir='ltr'>eas</span> <span class='ocrx_word' id='word_1_39' title='bbox 593 733 693 781; x_wconf 88' lang='lat' dir='ltr'>autem</span> <span class='ocrx_word' id='word_1_40' title='bbox 713 722 753 782; x_wconf 86' lang='lat' dir='ltr'>ita</span> <span class='ocrx_word' id='word_1_41' title='bbox 773 726 947 798; x_wconf 84' lang='lat' dir='ltr'>coustmere</span> 
     </span>
     <span class='ocr_line' id='line_1_7' title="bbox 58 801 948 880; baseline -0.003 -16"><span class='ocrx_word' id='word_1_42' title='bbox 58 825 125 864; x_wconf 92' lang='lat' dir='ltr'>sum</span> <span class='ocrx_word' id='word_1_43' title='bbox 144 817 268 865; x_wconf 83' lang='lat' dir='ltr'>&#39;conatus</span> <span class='ocrx_word' id='word_1_44' title='bbox 295 823 330 863; x_wconf 91' lang='lat' dir='ltr'>ac</span> <span class='ocrx_word' id='word_1_45' title='bbox 360 801 532 880; x_wconf 75' lang='lat' dir='ltr'>disponere,</span> <span class='ocrx_word' id='word_1_46' title='bbox 568 817 601 864; x_wconf 92' lang='lat' dir='ltr'>ut</span> <span class='ocrx_word' id='word_1_47' title='bbox 627 801 690 862; x_wconf 78' lang='lat' dir='ltr'>alie</span> <span class='ocrx_word' id='word_1_48' title='bbox 718 802 849 876; x_wconf 82' lang='lat' dir='ltr'>Criticis,</span> <span class='ocrx_word' id='word_1_49' title='bbox 886 802 948 863; x_wconf 81' lang='lat' dir='ltr'>alic</span> 
     </span>
    </p>
   </div>
   <div class='ocr_carea' id='block_1_3' title="bbox 58 882 1045 1129">
    <p class='ocr_par' dir='ltr' id='par_1_3' title="bbox 58 882 1045 1129">
     <span class='ocr_line' id='line_1_8' title="bbox 59 882 1038 964; baseline -0.001 -18"><span class='ocrx_word' id='word_1_50' title='bbox 59 885 277 959; x_wconf 86' lang='lat' dir='ltr'>literatoribus,</span> <span class='ocrx_word' id='word_1_51' title='bbox 299 883 449 945; x_wconf 86' lang='lat' dir='ltr'>nonnullae</span> <span class='ocrx_word' id='word_1_52' title='bbox 469 888 558 945; x_wconf 85' lang='lat' dir='ltr'>etiam</span> <span class='ocrx_word' id='word_1_53' title='bbox 574 883 719 944; x_wconf 89' lang='lat' dir='ltr'>tironibus</span> <span class='ocrx_word' id='word_1_54' title='bbox 740 882 856 964; x_wconf 88' lang='lat' dir='ltr'>placere</span> <span class='ocrx_word' id='word_1_55' title='bbox 876 904 949 964; x_wconf 91' lang='lat' dir='ltr'>pos·</span> <span class='ocrx_word' id='word_1_56' title='bbox 1034 910 1038 915; x_wconf 92' lang='lat'><strong>·</strong></span> 
     </span>
     <span class='ocr_line' id='line_1_9' title="bbox 58 963 1024 1029; baseline -0.001 -2"><span class='ocrx_word' id='word_1_57' title='bbox 58 967 137 1028; x_wconf 90' lang='lat' dir='ltr'>sint:</span> <span class='ocrx_word' id='word_1_58' title='bbox 173 966 213 1029; x_wconf 90' lang='lat' dir='ltr'>ibi</span> <span class='ocrx_word' id='word_1_59' title='bbox 235 967 316 1027; x_wconf 88' lang='lat' dir='ltr'>enim</span> <span class='ocrx_word' id='word_1_60' title='bbox 336 965 373 1026; x_wconf 89' lang='lat' dir='ltr'>de</span> <span class='ocrx_word' id='word_1_61' title='bbox 393 965 481 1026; x_wconf 87' lang='lat' dir='ltr'>variis</span> <span class='ocrx_word' id='word_1_62' title='bbox 502 967 586 1027; x_wconf 88' lang='lat' dir='ltr'><strong>MSS.</strong></span> <span class='ocrx_word' id='word_1_63' title='bbox 608 963 751 1026; x_wconf 86' lang='lat' dir='ltr'><strong>Codicum</strong></span> <span class='ocrx_word' id='word_1_64' title='bbox 774 963 949 1027; x_wconf 83' lang='lat' dir='ltr'>lectionibus</span> <span class='ocrx_word' id='word_1_65' title='bbox 1020 990 1024 999; x_wconf 71' lang='lat'><strong><em>¹</em></strong></span> 
     </span>
     <span class='ocr_line' id='line_1_10' title="bbox 59 1044 1045 1129; baseline 0 -22"><span class='ocrx_word' id='word_1_66' title='bbox 59 1062 105 1109; x_wconf 59' lang='lat' dir='ltr'>et,</span> <span class='ocrx_word' id='word_1_67' title='bbox 122 1047 308 1109; x_wconf 89' lang='lat' dir='ltr'>eruditorum</span> <span class='ocrx_word' id='word_1_68' title='bbox 340 1046 518 1127; x_wconf 86' lang='lat' dir='ltr'>conjecturis</span> <span class='ocrx_word' id='word_1_69' title='bbox 548 1046 715 1122; x_wconf 75' lang='lat' dir='ltr'>disseritur,</span> <span class='ocrx_word' id='word_1_70' title='bbox 749 1045 790 1107; x_wconf 92' lang='lat' dir='ltr'>ibi</span> <span class='ocrx_word' id='word_1_71' title='bbox 821 1044 949 1108; x_wconf 85' lang='lat' dir='ltr'>latinitas</span> <span class='ocrx_word' id='word_1_72' title='bbox 1037 1115 1045 1129; x_wconf 33' lang='grc' dir='ltr'>Ι</span> 
     </span>
    </p>
   </div>
   <div class='ocr_carea' id='block_1_4' title="bbox 24 1127 1023 2845">
    <p class='ocr_par' dir='ltr' id='par_1_4' title="bbox 24 1127 991 1783">
     <span class='ocr_line' id='line_1_11' title="bbox 59 1127 949 1208; baseline -0.003 -18"><span class='ocrx_word' id='word_1_73' title='bbox 59 1129 177 1190; x_wconf 73' lang='lat' dir='ltr'>Phaedri</span> <span class='ocrx_word' id='word_1_74' title='bbox 203 1151 273 1190; x_wconf 91' lang='lat' dir='ltr'>non.</span> <span class='ocrx_word' id='word_1_75' title='bbox 291 1128 381 1190; x_wconf 89' lang='lat' dir='ltr'>modo</span> <span class='ocrx_word' id='word_1_76' title='bbox 401 1128 587 1201; x_wconf 86' lang='lat' dir='ltr'>defenditur,</span> <span class='ocrx_word' id='word_1_77' title='bbox 613 1129 637 1188; x_wconf 92' lang='lat' dir='ltr'>si</span> <span class='ocrx_word' id='word_1_78' title='bbox 659 1127 777 1208; x_wconf 87' lang='lat' dir='ltr'>quando</span> <span class='ocrx_word' id='word_1_79' title='bbox 799 1127 829 1185; x_wconf 91' lang='lat' dir='ltr'>in</span> <span class='ocrx_word' id='word_1_80' title='bbox 850 1129 949 1208; x_wconf 88' lang='lat' dir='ltr'>suspi-</span> 
     </span>
     <span class='ocr_line' id='line_1_12' title="bbox 60 1206 948 1292; baseline -0.003 -22"><span class='ocrx_word' id='word_1_81' title='bbox 60 1211 179 1272; x_wconf 86' lang='lat' dir='ltr'>cionem</span> <span class='ocrx_word' id='word_1_82' title='bbox 200 1224 303 1271; x_wconf 87' lang='lat' dir='ltr'>vocata</span> <span class='ocrx_word' id='word_1_83' title='bbox 323 1211 376 1286; x_wconf 90' lang='lat' dir='ltr'>sit,</span> <span class='ocrx_word' id='word_1_84' title='bbox 410 1208 460 1271; x_wconf 93' lang='lat' dir='ltr'>sed</span> <span class='ocrx_word' id='word_1_85' title='bbox 480 1211 588 1292; x_wconf 86' lang='lat' dir='ltr'>passim</span> <span class='ocrx_word' id='word_1_86' title='bbox 608 1206 862 1288; x_wconf 75' lang='lat' dir='ltr'>etiamexemplis</span> <span class='ocrx_word' id='word_1_87' title='bbox 882 1212 948 1268; x_wconf 82' lang='lat' dir='ltr'>Au-</span> 
     </span>
     <span class='ocr_line' id='line_1_13' title="bbox 60 1287 991 1368; baseline -0.004 -14"><span class='ocrx_word' id='word_1_88' title='bbox 60 1307 179 1354; x_wconf 83' lang='lat' dir='ltr'>storum</span> <span class='ocrx_word' id='word_1_89' title='bbox 207 1292 339 1352; x_wconf 87' lang='lat' dir='ltr'>adductis</span> <span class='ocrx_word' id='word_1_90' title='bbox 365 1293 575 1368; x_wconf 73' lang='lat' dir='ltr'>confirmatur,</span> <span class='ocrx_word' id='word_1_91' title='bbox 610 1291 651 1351; x_wconf 90' lang='lat' dir='ltr'>ibi</span> <span class='ocrx_word' id='word_1_92' title='bbox 683 1287 848 1352; x_wconf 85' lang='lat' dir='ltr'>locutiones</span> <span class='ocrx_word' id='word_1_93' title='bbox 869 1290 950 1368; x_wconf 90' lang='lat' dir='ltr'>ejus·</span> <span class='ocrx_word' id='word_1_94' title='bbox 985 1310 991 1323; x_wconf 81' lang='lat'><strong>·</strong></span> 
     </span>
     <span class='ocr_line' id='line_1_14' title="bbox 60 1371 957 1455; baseline -0.004 -21"><span class='ocrx_word' id='word_1_95' title='bbox 60 1373 128 1434; x_wconf 89' lang='lat' dir='ltr'>dem</span> <span class='ocrx_word' id='word_1_96' title='bbox 150 1372 238 1455; x_wconf 89' lang='lat' dir='ltr'>paulo</span> <span class='ocrx_word' id='word_1_97' title='bbox 255 1373 431 1435; x_wconf 85' lang='lat' dir='ltr'>difficiliores</span> <span class='ocrx_word' id='word_1_98' title='bbox 452 1373 657 1454; x_wconf 74' lang='lat' dir='ltr'>explanantur,</span> <span class='ocrx_word' id='word_1_99' title='bbox 679 1393 805 1453; x_wconf 85' lang='lat' dir='ltr'>quornm</span> <span class='ocrx_word' id='word_1_100' title='bbox 819 1371 957 1445; x_wconf 86' lang='lat' dir='ltr'>nonnul-&#39;</span> 
     </span>
     <span class='ocr_line' id='line_1_15' title="bbox 60 1453 949 1536; baseline -0.002 -21"><span class='ocrx_word' id='word_1_101' title='bbox 60 1454 104 1518; x_wconf 88' lang='lat' dir='ltr'>las</span> <span class='ocrx_word' id='word_1_102' title='bbox 124 1454 172 1516; x_wconf 88' lang='lat' dir='ltr'>vel</span> <span class='ocrx_word' id='word_1_103' title='bbox 192 1456 320 1535; x_wconf 79' lang='lat' dir='ltr'>imperiti</span> <span class='ocrx_word' id='word_1_104' title='bbox 343 1454 515 1516; x_wconf 68' lang='lat' dir='ltr'>mulcerent</span> <span class='ocrx_word' id='word_1_105' title='bbox 534 1454 737 1536; x_wconf 88' lang='lat' dir='ltr'>interpretati,</span> <span class='ocrx_word' id='word_1_106' title='bbox 761 1454 806 1517; x_wconf 83' lang='lat' dir='ltr'>vel</span> <span class='ocrx_word' id='word_1_107' title='bbox 829 1453 949 1521; x_wconf 84' lang='lat' dir='ltr'>doctio-</span> 
     </span>
     <span class='ocr_line' id='line_1_16' title="bbox 59 1535 947 1620; baseline -0.002 -23"><span class='ocrx_word' id='word_1_108' title='bbox 59 1558 107 1599; x_wconf 89' lang='lat' dir='ltr'>res</span> <span class='ocrx_word' id='word_1_109' title='bbox 126 1535 308 1619; x_wconf 77' lang='lat' dir='ltr'>reliquerant</span> <span class='ocrx_word' id='word_1_110' title='bbox 329 1536 449 1617; x_wconf 79' lang='lat' dir='ltr'>pressius</span> <span class='ocrx_word' id='word_1_111' title='bbox 471 1538 608 1612; x_wconf 71' lang='lat' dir='ltr'>intactas,</span> <span class='ocrx_word' id='word_1_112' title='bbox 638 1535 679 1597; x_wconf 91' lang='lat' dir='ltr'>ibi</span> <span class='ocrx_word' id='word_1_113' title='bbox 701 1537 827 1619; x_wconf 89' lang='lat' dir='ltr'>denique</span> <span class='ocrx_word' id='word_1_114' title='bbox 848 1555 947 1620; x_wconf 76' lang='lat' dir='ltr'>mores</span> 
     </span>
     <span class='ocr_line' id='line_1_17' title="bbox 24 1617 949 1699; baseline -0.002 -21"><span class='ocrx_word' id='word_1_115' title='bbox 24 1680 25 1684; x_wconf 64' lang='grc'>,</span> <span class='ocrx_word' id='word_1_116' title='bbox 59 1640 94 1679; x_wconf 90' lang='lat' dir='ltr'>ac</span> <span class='ocrx_word' id='word_1_117' title='bbox 114 1618 188 1691; x_wconf 84' lang='lat' dir='ltr'>ritus</span> <span class='ocrx_word' id='word_1_118' title='bbox 218 1619 416 1699; x_wconf 78' lang='lat' dir='ltr'>Antiquorum</span> <span class='ocrx_word' id='word_1_119' title='bbox 444 1619 516 1688; x_wconf 85' lang='lat' dir='ltr'>varii</span> <span class='ocrx_word' id='word_1_120' title='bbox 542 1631 754 1698; x_wconf 76' lang='lat' dir='ltr'>exponuntur,</span> <span class='ocrx_word' id='word_1_121' title='bbox 787 1617 949 1679; x_wconf 76' lang='lat' dir='ltr'>doctrine-</span> 
     </span>
     <span class='ocr_line' id='line_1_18' title="bbox 60 1694 945 1783; baseline -0.006 -20"><span class='ocrx_word' id='word_1_122' title='bbox 60 1721 117 1783; x_wconf 89' lang='lat' dir='ltr'>que</span> <span class='ocrx_word' id='word_1_123' title='bbox 138 1700 226 1760; x_wconf 89' lang='lat' dir='ltr'>ctiam</span> <span class='ocrx_word' id='word_1_124' title='bbox 248 1700 455 1761; x_wconf 90' lang='lat' dir='ltr'>reconditioris</span> <span class='ocrx_word' id='word_1_125' title='bbox 473 1700 623 1761; x_wconf 89' lang='lat' dir='ltr'>interdurn</span> <span class='ocrx_word' id='word_1_126' title='bbox 640 1720 746 1760; x_wconf 83' lang='lat' dir='ltr'>arcana</span> <span class='ocrx_word' id='word_1_127' title='bbox 766 1694 945 1776; x_wconf 78' lang='lat' dir='ltr'>revelantur.</span> 
     </span>
    </p>

    <p class='ocr_par' dir='ltr' id='par_1_5' title="bbox 36 1778 1023 2845">
     <span class='ocr_line' id='line_1_19' title="bbox 122 1778 945 1862; baseline 0 -20"><span class='ocrx_word' id='word_1_128' title='bbox 122 1782 207 1842; x_wconf 84' lang='lat' dir='ltr'>Nune</span> <span class='ocrx_word' id='word_1_129' title='bbox 235 1781 324 1856; x_wconf 83' lang='lat' dir='ltr'>verb,</span> <span class='ocrx_word' id='word_1_130' title='bbox 349 1803 426 1842; x_wconf 80' lang='lat' dir='ltr'>cum</span> <span class='ocrx_word' id='word_1_131' title='bbox 458 1782 586 1843; x_wconf 87' lang='lat' dir='ltr'>bominis</span> <span class='ocrx_word' id='word_1_132' title='bbox 617 1779 774 1842; x_wconf 73' lang='lat' dir='ltr'>Christiani</span> <span class='ocrx_word' id='word_1_133' title='bbox 801 1778 945 1862; x_wconf 73' lang='lat' dir='ltr'>dignitas,</span> 
     </span>
     <span class='ocr_line' id='line_1_20' title="bbox 61 1861 981 1946; baseline -0.001 -22"><span class='ocrx_word' id='word_1_134' title='bbox 61 1864 120 1946; x_wconf 77' lang='lat' dir='ltr'>qul</span> <span class='ocrx_word' id='word_1_135' title='bbox 139 1861 321 1942; x_wconf 81' lang='lat' dir='ltr'>gloriamur,</span> <span class='ocrx_word' id='word_1_136' title='bbox 344 1862 492 1945; x_wconf 84' lang='lat' dir='ltr'>postulare</span> <span class='ocrx_word' id='word_1_137' title='bbox 513 1861 684 1939; x_wconf 83' lang='lat' dir='ltr'>videretur,</span> <span class='ocrx_word' id='word_1_138' title='bbox 706 1875 739 1923; x_wconf 93' lang='lat' dir='ltr'>ut</span> <span class='ocrx_word' id='word_1_139' title='bbox 759 1862 957 1925; x_wconf 68' lang='lat' dir='ltr'>abscindere·v</span> <span class='ocrx_word' id='word_1_140' title='bbox 972 1908 981 1935; x_wconf 54' lang='lat' dir='ltr'>x</span> 
     </span>
     <span class='ocr_line' id='line_1_21' title="bbox 64 1938 993 2027; baseline 0 -22"><span class='ocrx_word' id='word_1_141' title='bbox 64 1965 130 2005; x_wconf 83' lang='lat' dir='ltr'>mue</span> <span class='ocrx_word' id='word_1_142' title='bbox 154 1943 345 2017; x_wconf 80' lang='lat' dir='ltr'>obeditione</span> <span class='ocrx_word' id='word_1_143' title='bbox 371 1938 471 2006; x_wconf 73' lang='lat' dir='ltr'>nostri</span> <span class='ocrx_word' id='word_1_144' title='bbox 498 1943 640 2027; x_wconf 90' lang='lat' dir='ltr'>quidquid</span> <span class='ocrx_word' id='word_1_145' title='bbox 666 1945 826 2005; x_wconf 89' lang='lat' dir='ltr'>obscenum</span> <span class='ocrx_word' id='word_1_146' title='bbox 853 1945 932 2005; x_wconf 87' lang='lat' dir='ltr'>foret</span> <span class='ocrx_word' id='word_1_147' title='bbox 938 1942 965 2019; x_wconf 63' lang='lat'>,²</span> <span class='ocrx_word' id='word_1_148' title='bbox 985 1980 993 2005; x_wconf 47' lang='grc' dir='ltr'>κ</span> 
     </span>
     <span class='ocr_line' id='line_1_22' title="bbox 63 2024 948 2108; baseline 0 -23"><span class='ocrx_word' id='word_1_149' title='bbox 63 2046 125 2086; x_wconf 89' lang='lat' dir='ltr'>non</span> <span class='ocrx_word' id='word_1_150' title='bbox 146 2044 222 2107; x_wconf 73' lang='lat' dir='ltr'>egre</span> <span class='ocrx_word' id='word_1_151' title='bbox 243 2026 530 2108; x_wconf 73' lang='lat' dir='ltr'>obtemperavimus,</span> <span class='ocrx_word' id='word_1_152' title='bbox 557 2040 588 2087; x_wconf 91' lang='lat' dir='ltr'>et</span> <span class='ocrx_word' id='word_1_153' title='bbox 609 2025 671 2087; x_wconf 87' lang='lat' dir='ltr'>sine</span> <span class='ocrx_word' id='word_1_154' title='bbox 694 2024 948 2108; x_wconf 76' lang='lat' dir='ltr'>tergiversatione,</span> 
     </span>
     <span class='ocr_line' id='line_1_23' title="bbox 63 2103 952 2201; baseline -0.001 -34"><span class='ocrx_word' id='word_1_155' title='bbox 63 2107 134 2188; x_wconf 93' lang='lat' dir='ltr'>quid</span> <span class='ocrx_word' id='word_1_156' title='bbox 155 2109 185 2167; x_wconf 93' lang='lat' dir='ltr'>in</span> <span class='ocrx_word' id='word_1_157' title='bbox 206 2106 283 2168; x_wconf 89' lang='lat' dir='ltr'>hanc</span> <span class='ocrx_word' id='word_1_158' title='bbox 303 2129 367 2169; x_wconf 85' lang='lat' dir='ltr'>rena</span> <span class='ocrx_word' id='word_1_159' title='bbox 397 2121 545 2188; x_wconf 86' lang='lat' dir='ltr'>patratum</span> <span class='ocrx_word' id='word_1_160' title='bbox 565 2108 583 2167; x_wconf 82' lang='lat' dir='ltr'>la</span> <span class='ocrx_word' id='word_1_161' title='bbox 605 2107 689 2169; x_wconf 89' lang='lat' dir='ltr'>nobis</span> <span class='ocrx_word' id='word_1_162' title='bbox 710 2103 817 2185; x_wconf 80' lang='lat' dir='ltr'>suerit,</span> <span class='ocrx_word' id='word_1_163' title='bbox 848 2104 952 2201; x_wconf 56' lang='lat' dir='ltr'>declq&#39;*</span> 
     </span>
     <span class='ocr_line' id='line_1_24' title="bbox 62 2187 949 2271; baseline -0.003 -21"><span class='ocrx_word' id='word_1_164' title='bbox 62 2190 201 2251; x_wconf 83' lang='lat' dir='ltr'>robimus.</span> <span class='ocrx_word' id='word_1_165' title='bbox 243 2190 327 2251; x_wconf 79' lang='lat' dir='ltr'>Libri</span> <span class='ocrx_word' id='word_1_166' title='bbox 348 2187 437 2270; x_wconf 87' lang='lat' dir='ltr'>primi</span> <span class='ocrx_word' id='word_1_167' title='bbox 458 2188 567 2251; x_wconf 74' lang='lat' dir='ltr'>rabula</span> <span class='ocrx_word' id='word_1_168' title='bbox 588 2191 714 2265; x_wconf 84' lang='lat' dir='ltr'>XXIX,</span> <span class='ocrx_word' id='word_1_169' title='bbox 735 2210 836 2252; x_wconf 86' lang='lat' dir='ltr'>versus</span> <span class='ocrx_word' id='word_1_170' title='bbox 856 2201 949 2271; x_wconf 74' lang='lat' dir='ltr'>septr-</span> 
     </span>
     <span class='ocr_line' id='line_1_25' title="bbox 63 2270 949 2352; baseline 0 -22"><span class='ocrx_word' id='word_1_171' title='bbox 63 2292 146 2332; x_wconf 87' lang='lat' dir='ltr'>mum</span> <span class='ocrx_word' id='word_1_172' title='bbox 167 2285 355 2350; x_wconf 82' lang='lat' dir='ltr'>ct-octavum</span> <span class='ocrx_word' id='word_1_173' title='bbox 377 2270 526 2351; x_wconf 86' lang='lat' dir='ltr'>ejecimus,</span> <span class='ocrx_word' id='word_1_174' title='bbox 548 2270 679 2352; x_wconf 89' lang='lat' dir='ltr'>aliosque</span> <span class='ocrx_word' id='word_1_175' title='bbox 697 2271 771 2333; x_wconf 88' lang='lat' dir='ltr'>duos</span> <span class='ocrx_word' id='word_1_176' title='bbox 791 2272 823 2331; x_wconf 90' lang='lat' dir='ltr'>in</span> <span class='ocrx_word' id='word_1_177' title='bbox 843 2291 949 2333; x_wconf 88' lang='lat' dir='ltr'>eorum</span> 
     </span>
     <span class='ocr_line' id='line_1_26' title="bbox 63 2351 950 2435; baseline -0.001 -23"><span class='ocrx_word' id='word_1_178' title='bbox 63 2351 166 2415; x_wconf 88' lang='lat' dir='ltr'>locum</span> <span class='ocrx_word' id='word_1_179' title='bbox 186 2354 403 2432; x_wconf 87' lang='lat' dir='ltr'>substituimus,</span> <span class='ocrx_word' id='word_1_180' title='bbox 424 2353 475 2415; x_wconf 87' lang='lat' dir='ltr'>sed</span> <span class='ocrx_word' id='word_1_181' title='bbox 496 2351 622 2428; x_wconf 84' lang='lat' dir='ltr'>italicis,</span> <span class='ocrx_word' id='word_1_182' title='bbox 643 2374 708 2435; x_wconf 78' lang='lat' dir='ltr'>quae</span> <span class='ocrx_word' id='word_1_183' title='bbox 729 2366 888 2430; x_wconf 86' lang='lat' dir='ltr'>vocantur,</span> <span class='ocrx_word' id='word_1_184' title='bbox 909 2351 950 2411; x_wconf 74' lang='lat' dir='ltr'>li·&#39;</span> 
     </span>
     <span class='ocr_line' id='line_1_27' title="bbox 65 2424 950 2513; baseline -0.001 -19"><span class='ocrx_word' id='word_1_185' title='bbox 65 2436 134 2496; x_wconf 88' lang='lat' dir='ltr'>teris</span> <span class='ocrx_word' id='word_1_186' title='bbox 155 2436 259 2513; x_wconf 83' lang='lat' dir='ltr'>excudi</span> <span class='ocrx_word' id='word_1_187' title='bbox 276 2435 439 2510; x_wconf 88' lang='lat' dir='ltr'>voluimus,</span> <span class='ocrx_word' id='word_1_188' title='bbox 472 2448 505 2495; x_wconf 92' lang='lat' dir='ltr'>ut</span> <span class='ocrx_word' id='word_1_189' title='bbox 526 2433 592 2495; x_wconf 90' lang='lat' dir='ltr'>illos</span> <span class='ocrx_word' id='word_1_190' title='bbox 612 2437 673 2496; x_wconf 82' lang='lat' dir='ltr'>eise</span> <span class='ocrx_word' id='word_1_191' title='bbox 693 2434 859 2506; x_wconf 84' lang='lat' dir='ltr'>subdititios</span> <span class='ocrx_word' id='word_1_192' title='bbox 880 2424 950 2496; x_wconf 83' lang='lat' dir='ltr'>Cri·</span> 
     </span>
     <span class='ocr_line' id='line_1_28' title="bbox 64 2512 951 2599; baseline 0 -24"><span class='ocrx_word' id='word_1_193' title='bbox 64 2516 115 2577; x_wconf 91' lang='lat' dir='ltr'>tici</span> <span class='ocrx_word' id='word_1_194' title='bbox 142 2520 240 2580; x_wconf 87' lang='lat' dir='ltr'>statim</span> <span class='ocrx_word' id='word_1_195' title='bbox 264 2517 482 2599; x_wconf 76' lang='lat' dir='ltr'>intelligerent:</span> <span class='ocrx_word' id='word_1_196' title='bbox 517 2518 633 2578; x_wconf 87' lang='lat' dir='ltr'>tertiam</span> <span class='ocrx_word' id='word_1_197' title='bbox 659 2516 764 2585; x_wconf 88' lang='lat' dir='ltr'>deiude</span> <span class='ocrx_word' id='word_1_198' title='bbox 791 2512 879 2580; x_wconf 64' lang='lat' dir='ltr'>tertii=</span> <span class='ocrx_word' id='word_1_199' title='bbox 898 2516 951 2576; x_wconf 85' lang='lat' dir='ltr'>Li-</span> 
     </span>
     <span class='ocr_line' id='line_1_29' title="bbox 36 2597 1023 2682; baseline -0.001 -22"><span class='ocrx_word' id='word_1_200' title='bbox 36 2604 38 2609; x_wconf 78' lang='grc'>’</span> <span class='ocrx_word' id='word_1_201' title='bbox 64 2598 110 2660; x_wconf 82' lang='lat' dir='ltr'>bri</span> <span class='ocrx_word' id='word_1_202' title='bbox 133 2599 279 2675; x_wconf 83' lang='lat' dir='ltr'>fabulam,</span> <span class='ocrx_word' id='word_1_203' title='bbox 301 2600 436 2682; x_wconf 80' lang='lat' dir='ltr'>librique</span> <span class='ocrx_word' id='word_1_204' title='bbox 449 2600 546 2682; x_wconf 89' lang='lat' dir='ltr'>quarti</span> <span class='ocrx_word' id='word_1_205' title='bbox 565 2597 711 2660; x_wconf 86' lang='lat' dir='ltr'>decimam</span> <span class='ocrx_word' id='word_1_206' title='bbox 733 2614 884 2681; x_wconf 81' lang='lat' dir='ltr'>quartam,</span> <span class='ocrx_word' id='word_1_207' title='bbox 914 2619 949 2661; x_wconf 80' lang='lat' dir='ltr'>ec</span> <span class='ocrx_word' id='word_1_208' title='bbox 1020 2625 1023 2631; x_wconf 94' lang='lat'>·</span> 
     </span>
     <span class='ocr_line' id='line_1_30' title="bbox 64 2681 949 2763; baseline 0.005 -22"><span class='ocrx_word' id='word_1_209' title='bbox 64 2681 139 2742; x_wconf 91' lang='lat' dir='ltr'>dnos</span> <span class='ocrx_word' id='word_1_210' title='bbox 159 2681 231 2744; x_wconf 90' lang='lat' dir='ltr'>istos</span> <span class='ocrx_word' id='word_1_211' title='bbox 251 2694 373 2763; x_wconf 82' lang='lat' dir='ltr'>versus,</span> <span class='ocrx_word' id='word_1_212' title='bbox 425 2682 454 2742; x_wconf 92' lang='lat' dir='ltr'>ui</span> <span class='ocrx_word' id='word_1_213' title='bbox 475 2703 513 2742; x_wconf 79' lang='lat' dir='ltr'>ex</span> <span class='ocrx_word' id='word_1_214' title='bbox 532 2681 646 2743; x_wconf 73' lang='lat' dir='ltr'>decimi</span> <span class='ocrx_word' id='word_1_215' title='bbox 668 2681 755 2742; x_wconf 67' lang='lat' dir='ltr'>tertia</span> <span class='ocrx_word' id='word_1_216' title='bbox 774 2693 949 2763; x_wconf 81' lang='lat' dir='ltr'>supersunt,</span> 
     </span>
     <span class='ocr_line' id='line_1_31' title="bbox 64 2703 950 2845; baseline -0.003 -22"><span class='ocrx_word' id='word_1_217' title='bbox 64 2762 152 2844; x_wconf 71' lang='lat' dir='ltr'>planis</span> <span class='ocrx_word' id='word_1_218' title='bbox 173 2764 332 2827; x_wconf 88' lang='lat' dir='ltr'>omisimus.</span> <span class='ocrx_word' id='word_1_219' title='bbox 378 2703 475 2826; x_wconf 74' lang='lat' dir='ltr'>Aiinm</span> <span class='ocrx_word' id='word_1_220' title='bbox 496 2764 633 2845; x_wconf 72' lang='lat' dir='ltr'>praeterea</span> <span class='ocrx_word' id='word_1_221' title='bbox 648 2762 813 2845; x_wconf 82' lang='lat' dir='ltr'>longiorem</span> <span class='ocrx_word' id='word_1_222' title='bbox 833 2763 869 2822; x_wconf 90' lang='lat' dir='ltr'>de</span> <span class='ocrx_word' id='word_1_223' title='bbox 893 2759 950 2820; x_wconf 85' lang='lat' dir='ltr'>Ca-</span> 
     </span>
    </p>
   </div>
   <div class='ocr_carea' id='block_1_5' title="bbox 65 2842 1044 2927">
    <p class='ocr_par' dir='ltr' id='par_1_6' title="bbox 65 2842 1044 2927">
     <span class='ocr_line' id='line_1_32' title="bbox 65 2842 1044 2927; baseline 0 -22"><span class='ocrx_word' id='word_1_224' title='bbox 65 2866 138 2906; x_wconf 88' lang='lat' dir='ltr'>num</span> <span class='ocrx_word' id='word_1_225' title='bbox 158 2842 283 2927; x_wconf 66' lang='lat' dir='ltr'>,Legatis&#39;</span> <span class='ocrx_word' id='word_1_226' title='bbox 304 2847 341 2907; x_wconf 92' lang='lat' dir='ltr'>ad</span> <span class='ocrx_word' id='word_1_227' title='bbox 368 2848 488 2921; x_wconf 82' lang='lat' dir='ltr'>lovem,</span> <span class='ocrx_word' id='word_1_228' title='bbox 520 2865 585 2926; x_wconf 88' lang='lat' dir='ltr'>quae</span> <span class='ocrx_word' id='word_1_229' title='bbox 616 2843 685 2906; x_wconf 91' lang='lat' dir='ltr'>libri</span> <span class='ocrx_word' id='word_1_230' title='bbox 712 2846 821 2925; x_wconf 85' lang='lat' dir='ltr'>quarti·</span> <span class='ocrx_word' id='word_1_231' title='bbox 835 2842 950 2915; x_wconf 76' lang='lat' dir='ltr'>decinis</span> <span class='ocrx_word' id='word_1_232' title='bbox 1040 2888 1044 2893; x_wconf 83' lang='lat'><em>-</em></span> 
     </span>
    </p>
   </div>
   <div class='ocr_carea' id='block_1_6' title="bbox 22 2908 986 3401">
    <p class='ocr_par' dir='ltr' id='par_1_7' title="bbox 22 2908 986 3401">
     <span class='ocr_line' id='line_1_33' title="bbox 51 2908 951 3010; baseline -0.006 -21"><span class='ocrx_word' id='word_1_233' title='bbox 51 2939 146 2989; x_wconf 72' lang='lat' dir='ltr'>,sexta</span> <span class='ocrx_word' id='word_1_234' title='bbox 167 2941 227 3005; x_wconf 82' lang='lat' dir='ltr'>est,</span> <span class='ocrx_word' id='word_1_235' title='bbox 249 2929 403 3008; x_wconf 85' lang='lat' dir='ltr'>repudiare</span> <span class='ocrx_word' id='word_1_236' title='bbox 418 2927 550 3010; x_wconf 83' lang='lat' dir='ltr'>primirm</span> <span class='ocrx_word' id='word_1_237' title='bbox 561 2926 769 3008; x_wconf 86' lang='lat' dir='ltr'>decreveram,</span> <span class='ocrx_word' id='word_1_238' title='bbox 792 2924 869 3007; x_wconf 89' lang='lat' dir='ltr'>qubd</span> <span class='ocrx_word' id='word_1_239' title='bbox 888 2908 951 2986; x_wconf 57' lang='lat' dir='ltr'>soe&#39;·</span> 
     </span>
     <span class='ocr_line' id='line_1_34' title="bbox 66 3005 950 3102; baseline -0.002 -34"><span class='ocrx_word' id='word_1_240' title='bbox 66 3007 127 3068; x_wconf 87' lang='lat' dir='ltr'>tidn</span> <span class='ocrx_word' id='word_1_241' title='bbox 147 3008 186 3079; x_wconf 81' lang='lat' dir='ltr'>sit</span> <span class='ocrx_word' id='word_1_242' title='bbox 204 3022 234 3070; x_wconf 89' lang='lat' dir='ltr'>et</span> <span class='ocrx_word' id='word_1_243' title='bbox 254 3010 338 3089; x_wconf 79' lang='lat' dir='ltr'>valde</span> <span class='ocrx_word' id='word_1_244' title='bbox 358 3013 491 3083; x_wconf 87' lang='lat' dir='ltr'>inficeta;</span> <span class='ocrx_word' id='word_1_245' title='bbox 522 3022 552 3070; x_wconf 87' lang='lat' dir='ltr'>at</span> <span class='ocrx_word' id='word_1_246' title='bbox 573 3008 643 3069; x_wconf 80' lang='lat' dir='ltr'>cium</span> <span class='ocrx_word' id='word_1_247' title='bbox 669 3006 814 3089; x_wconf 70' lang='lat' dir='ltr'>pudicitie</span> <span class='ocrx_word' id='word_1_248' title='bbox 835 3005 950 3102; x_wconf 62' lang='lat' dir='ltr'>legibus</span> 
     </span>
     <span class='ocr_line' id='line_1_35' title="bbox 22 3086 950 3170; baseline 0.001 -20"><span class='ocrx_word' id='word_1_249' title='bbox 22 3124 27 3134; x_wconf 91' lang='lat'><strong>·</strong></span> <span class='ocrx_word' id='word_1_250' title='bbox 66 3110 128 3151; x_wconf 86' lang='lat' dir='ltr'>non</span> <span class='ocrx_word' id='word_1_251' title='bbox 147 3090 332 3166; x_wconf 87' lang='lat' dir='ltr'>adversetur,</span> <span class='ocrx_word' id='word_1_252' title='bbox 353 3091 538 3160; x_wconf 83' lang='lat' dir='ltr'>retinendam</span> <span class='ocrx_word' id='word_1_253' title='bbox 559 3089 640 3157; x_wconf 83' lang='lat' dir='ltr'>illurn</span> <span class='ocrx_word' id='word_1_254' title='bbox 654 3086 848 3170; x_wconf 79' lang='lat' dir='ltr'>&#39;postmodium</span> <span class='ocrx_word' id='word_1_255' title='bbox 871 3086 950 3164; x_wconf 68' lang='lat' dir='ltr'>tudi-</span> 
     </span>
     <span class='ocr_line' id='line_1_36' title="bbox 67 3171 986 3247; baseline 0.004 -18"><span class='ocrx_word' id='word_1_256' title='bbox 67 3171 150 3231; x_wconf 88' lang='lat' dir='ltr'>cavi:</span> <span class='ocrx_word' id='word_1_257' title='bbox 173 3192 258 3233; x_wconf 90' lang='lat' dir='ltr'>aures</span> <span class='ocrx_word' id='word_1_258' title='bbox 278 3187 377 3235; x_wconf 88' lang='lat' dir='ltr'>tamen</span> <span class='ocrx_word' id='word_1_259' title='bbox 396 3173 534 3237; x_wconf 88' lang='lat' dir='ltr'>delicatas</span> <span class='ocrx_word' id='word_1_260' title='bbox 555 3173 702 3247; x_wconf 89' lang='lat' dir='ltr'>obtestor,</span> <span class='ocrx_word' id='word_1_261' title='bbox 729 3186 819 3241; x_wconf 72' lang='lat' dir='ltr'>utne</span> <span class='ocrx_word' id='word_1_262' title='bbox 839 3172 869 3232; x_wconf 93' lang='lat' dir='ltr'>id</span> <span class='ocrx_word' id='word_1_263' title='bbox 889 3172 951 3235; x_wconf 89' lang='lat' dir='ltr'>mi·</span> <span class='ocrx_word' id='word_1_264' title='bbox 977 3186 986 3220; x_wconf 71' lang='lat'>“—</span> 
     </span>
     <span class='ocr_line' id='line_1_37' title="bbox 67 3251 951 3338; baseline 0.005 -26"><span class='ocrx_word' id='word_1_265' title='bbox 67 3251 100 3312; x_wconf 80' lang='lat' dir='ltr'>ni</span> <span class='ocrx_word' id='word_1_266' title='bbox 120 3252 232 3333; x_wconf 90' lang='lat' dir='ltr'>probro</span> <span class='ocrx_word' id='word_1_267' title='bbox 253 3269 383 3332; x_wconf 84' lang='lat' dir='ltr'>vertant,</span> <span class='ocrx_word' id='word_1_268' title='bbox 404 3271 434 3319; x_wconf 91' lang='lat' dir='ltr'>at</span> <span class='ocrx_word' id='word_1_269' title='bbox 449 3256 548 3338; x_wconf 87' lang='lat' dir='ltr'>potius</span> <span class='ocrx_word' id='word_1_270' title='bbox 568 3276 686 3318; x_wconf 89' lang='lat' dir='ltr'>mecum</span> <span class='ocrx_word' id='word_1_271' title='bbox 701 3251 783 3333; x_wconf 79' lang='lat' dir='ltr'>iocos</span> <span class='ocrx_word' id='word_1_272' title='bbox 803 3253 872 3315; x_wconf 89' lang='lat' dir='ltr'>istos</span> <span class='ocrx_word' id='word_1_273' title='bbox 892 3255 951 3335; x_wconf 86' lang='lat' dir='ltr'>mi·</span> 
     </span>
     <span class='ocr_line' id='line_1_38' title="bbox 67 3333 690 3401; baseline 0.002 -5"><span class='ocrx_word' id='word_1_274' title='bbox 67 3355 148 3396; x_wconf 89' lang='lat' dir='ltr'>seros</span> <span class='ocrx_word' id='word_1_275' title='bbox 170 3333 323 3397; x_wconf 89' lang='lat' dir='ltr'>tolerando</span> <span class='ocrx_word' id='word_1_276' title='bbox 344 3351 534 3401; x_wconf 81' lang='lat' dir='ltr'>contemnere</span> <span class='ocrx_word' id='word_1_277' title='bbox 555 3337 690 3399; x_wconf 85' lang='lat' dir='ltr'>audeant.</span> 
     </span>
    </p>
   </div>
   <div class='ocr_carea' id='block_1_7' title="bbox 129 3407 1082 3501">
    <p class='ocr_par' dir='ltr' id='par_1_8' title="bbox 129 3407 1082 3501">
     <span class='ocr_line' id='line_1_39' title="bbox 129 3407 1082 3501; baseline 0.008 -25"><span class='ocrx_word' id='word_1_278' title='bbox 129 3416 286 3478; x_wconf 88' lang='lat' dir='ltr'>lo..Henr.</span> <span class='ocrx_word' id='word_1_279' title='bbox 307 3419 446 3493; x_wconf 86' lang='lat' dir='ltr'>Ursinus,</span> <span class='ocrx_word' id='word_1_280' title='bbox 467 3418 512 3481; x_wconf 90' lang='lat' dir='ltr'>vir</span> <span class='ocrx_word' id='word_1_281' title='bbox 532 3420 655 3496; x_wconf 88' lang='lat' dir='ltr'>doctus,</span> <span class='ocrx_word' id='word_1_282' title='bbox 669 3440 752 3481; x_wconf 87' lang='lat' dir='ltr'>anuo</span> <span class='ocrx_word' id='word_1_283' title='bbox 771 3418 830 3499; x_wconf 84' lang='lat' dir='ltr'>jam</span> <span class='ocrx_word' id='word_1_284' title='bbox 857 3420 934 3501; x_wconf 80' lang='lat'>1657</span> <span class='ocrx_word' id='word_1_285' title='bbox 1036 3494 1040 3499; x_wconf 71' lang='lat'>,</span> <span class='ocrx_word' id='word_1_286' title='bbox 1079 3407 1082 3415; x_wconf 43' lang='lat'>¹</span> 
     </span>
    </p>
   </div>
   <div class='ocr_carea' id='block_1_8' title="bbox 67 3498 951 3593">
    <p class='ocr_par' dir='ltr' id='par_1_9' title="bbox 67 3498 951 3593">
     <span class='ocr_line' id='line_1_40' title="bbox 67 3498 951 3593; baseline -0.001 -26"><span class='ocrx_word' id='word_1_287' title='bbox 67 3499 233 3567; x_wconf 82' lang='lat' dir='ltr'>Ratisbuuar</span> <span class='ocrx_word' id='word_1_288' title='bbox 251 3499 284 3566; x_wconf 86' lang='lat' dir='ltr'>iu</span> <span class='ocrx_word' id='word_1_289' title='bbox 305 3503 362 3566; x_wconf 81' lang='lat' dir='ltr'>ilva</span> <span class='ocrx_word' id='word_1_290' title='bbox 392 3498 545 3580; x_wconf 69' lang='lat' dir='ltr'>Phaedrum</span> <span class='ocrx_word' id='word_1_291' title='bbox 565 3515 762 3591; x_wconf 77' lang='lat' dir='ltr'>expurgatum</span> <span class='ocrx_word' id='word_1_292' title='bbox 782 3501 951 3593; x_wconf 62' lang='lat' dir='ltr'>camputis</span> 
     </span>
    </p>
   </div>
   <div class='ocr_carea' id='block_1_9' title="bbox 0 0 1300 4020">
    <p class='ocr_par' dir='ltr' id='par_1_10' title="bbox 0 0 1300 4020">
     <span class='ocr_line' id='line_1_41' title="bbox 0 0 1300 4020; baseline 0 0"><span class='ocrx_word' id='word_1_293' title='bbox 0 0 1300 4020; x_wconf 95' lang='lat' dir='ltr'> </span> 
     </span>
    </p>
   </div>
  </div>
 </body>
</html>
