2572 4020
500 256 773 323 ¹ursrvunr.
914 205 917 215 ’
1045 278 1098 323 m
1178 224 1193 263 ³
1237 210 1270 221 ”

697 355 705 385 ,

202 403 303 498 prium
324 431 354 479 et
374 419 576 500 singularem
603 419 747 503 nulloque
768 422 851 505 signo
872 421 1016 501 instructa
1036 435 1098 496 est,

203 520 264 581 quo
286 500 447 582 quidquam
468 504 609 585 praevium
630 503 809 567 indicatura
829 526 864 566 ea
886 503 1098 585 porrd‘couti-

193 594 263 643 uret
278 581 373 643 Publii
394 582 460 662 Syri
480 586 658 661 sententias,
689 601 720 648 et
740 588 876 670 Dionysii
899 586 1018 647 Catonis
1038 585 1097 646 Di·
1164 611 1166 615 ¹
1214 606 1217 629 ¹

201 662 295 726 sticho
306 709 316 739 ,
339 665 463 728 totidem
486 667 587 748 graccis
608 666 759 744 versibus,
792 669 857 730 illas
879 671 896 729 a
919 671 977 730 los.
1000 666 1098 739 Scali·
1158 707 1160 712 ·
1202 743 1204 748 Ι
1270 677 1274 680 “

147 764 155 809 ·,
200 766 274 826 gero
285 791 295 820 ,
318 746 381 806 haec
403 747 419 806 'a
441 746 574 810 Planude
594 749 729 829 reddita;
751 754 899 833 etiamque
925 751 962 811 ad
983 772 1018 812 eu
1036 751 1097 811 Di·

200 827 296 890 sticha
316 843 402 890 notas
422 829 553 907 ejusdcm
575 831 746 912 scaligeri.·

214 993 215 996 ,
266 943 382 1004 Partem
415 934 501 1002 istam
524 964 585 1002 nou
606 943 725 1005 invenio
757 945 789 1002 in
815 943 945 1004 editione
972 946 1097 1026 repetita

181 1026 240 1089 eb
262 1025 368 1085 eodem
382 1023 583 1105 Typographo
604 1023 714 1086 ibidem
734 1048 814 1086 anno
831 1008 923 1100 niro,
945 1046 1008 1108 quae
1022 1029 1104 1108 prae-¹

202 1121 250 1168 ter
270 1108 370 1168 cete'ra
392 1107 483 1167 modo
505 1121 671 1168 memorata
691 1107 812 1168 exhibet
838 1109 956 1167 loannis
976 1108 1097 1170 Meursii
1130 1128 1131 1135 ¹

203 1188 472 1250 animadversiones
492 1189 524 1264 in
546 1189 720 1264 Phaedrum,
755 1189 913 1271 statimque
946 1191 986 1251 ab.
1012 1193 1096 1251 initio

203 1270 359 1350 epistolam
381 1270 511 1349 ejusdam
543 1270 580 1331 ad
607 1272 839 1334 Rittershusium
870 1292 941 1332 cum
969 1272 1099 1333 Rittcrs-

143 1422 145 1426 λ
203 1349 283 1412 husii
304 1353 505 1433 responsione.
548 1355 602 1413 Hac
632 1355 725 1436 porri)
756 1356 875 1417 Meursii
909 1355 1099 1417 animadver-

192 1434 301 1495 siones
322 1435 386 1496 viro
408 1448 469 1496 tam
491 1435 608 1497 erudito
629 1445 749 1518 prorsus
770 1436 895 1518 indiguae
914 1427 1004 1498 ‘sunta
1036 1458 1099 1498 nou

202 1516 320 1577 tantiam
340 1519 420 1578 euim
453 1517 548 1579 multa
568 1540 630 1580 esse
663 1520 804 1581 mutanda
834 1533 865 1579 et
891 1517 1099 1598 interpolanda
1120 1541 1147 1609 ¹„

202 1612 234 1659 et
254 1598 386 1661 addenda
406 1613 437 1661 et
467 1600 665 1662 abscindenda
694 1600 852 1684 perperam
873 1602 1040 1681 >opinatum
1067 1615 1099 1685 at
1210 1667 1214 1674 .

202 1703 304 1742 versus
323 1682 414 1742 etiam
428 1681 542 1765 aliquot
564 1697 625 1744 tam
646 1687 810 1745 enormiter
822 1684 941 1765 dillingi
963 1684 1043 1760 vult,
1065 1697 1099 1744 ut
1150 1728 1158 1765 q

201 1765 263 1843 jam
284 1786 344 1825 non
367 1764 428 1845 ipsa
449 1765 509 1826 sive
531 1768 654 1840 sensus,
675 1769 736 1827 sire
757 1766 929 1837 latinitatis,
957 1778 1010 1827 s'eu
1031 1785 1098 1826 me·
1195 1827 1197 1831 ,
1248 1825 1251 1830 .

202 1847 241 1906 tri
263 1848 340 1908 ratio
361 1860 497 1909 constare
517 1849 618 1930 possit.
970 1878 976 1882 -
1108 1871 1110 1875 ’

264 1978 326 2038 Sub
358 1979 451 2038 finem
482 1979 552 2039 anni
583 1980 658 2060 1599
674 1974 678 1984 ’
694 1976 827 2039 absoluta
860 1990 922 2052 est,
957 1990 988 2037 et
1017 1997 1096 2039 auno

207 2061 282 2120 1600
305 2060 423 2122 Parisiis
455 2060 487 2120 in
512 2082 546 2119 12
568 2060 680 2142 prodiit
707 2061 798 2122 editio
828 2059 927 2120 Nicol.
956 2058 1096 2142 Rigaltii:
1123 2070 1124 2075 ’
1203 2058 1205 2071 ¹

201 2142 233 2201 in
255 2144 473 2224 qut-recedere
495 2143 545 2203 ille
564 2145 583 2202 a
604 2142 753 2206 Pithoeanat
776 2140 900 2218 noluit,
915 2141 971 2202 uisi
992 2155 1026 2202 ut
1047 2142 1096 2204 Pi·
1136 2206 1141 2213 ,

201 2222 272 2283 tboei
295 2226 451 2300 codicem,
470 2298 472 2303 ι
488 2247 577 2306 quem
600 2224 745 2287 utendum
769 2225 894 2300 habuit,
928 2224 1044 2286 fidelius
1064 2226 1097 2287 iu

201 2305 316 2388 aliquot
338 2307 412 2368 locis
433 2308 635 2386 exprimeret:
670 2306 937 2389 commentationes
960 2306 1095 2397 addidit,

201 2408 418 2472 nonnunquam
448 2390 568 2471 quidem
602 2388 649 2450 vel
676 2391 789 2470 ineptas
820 2390 868 2450 vel
891 2388 1032 2466 inutiles,
1065 2405 1096 2454 at

202 2474 388 2551 conjecturas
418 2472 615 2534 intermiscuit
648 2472 788 2554 quasdam
810 2485 841 2533 et
875 2470 1096 2568 plausibilcstet
1156 2500 1159 2511 ¹

200 2553 318 2616 felices:
351 2570 447 2636 ‚atque
469 2577 529 2616 nou
551 2554 641 2615 modi)
663 2555 756 2615 varias
782 2567 890 2616 vetusti
911 2553 1028 2616 Codicis
1048 2555 1095 2617 le·

201 2638 338 2712 cnonas,
367 2659 439 2719 quas
461 2636 591 2698 Pithoeus
611 2634 857 2718 praetermiserat,
888 2637 936 2698 vel
958 2658 1096 2698 comme-

200 2721 330 2780 moravit
351 2722 382 2778 in
405 2720 482 2780 notis
493 2765 501 2794 ‚
532 2719 584 2781 rel‘
601 2719 703 2780 lodice
724 2718 760 2778 ad
774 2719 889 2780 calcem
909 2721 1022 2797 rejecto
1041 2740 1096 2780 ex-

201 2799 314 2877 hibuit,
345 2802 507 2863 sedetiam
529 2803 610 2862 Petri
632 2801 763 2863 Danielis
786 2801 981 2876 Cbartulam,
1011 2798 1096 2879 cujus
1129 2814 1131 2819 '
1156 2858 1158 2862 ,

199 2883 261 2942 fota
282 2906 370 2964 supra
392 2884 537 2967 explicui,
559 2905 629 2945 cum
648 2882 772 2964 vulgatis
793 2885 877 2944 Libri
897 2883 987 2963 primi
1009 2882 1099 2963 labus

200 2961 238 3025 lis
258 2966 359 3041 multis
380 2966 516 3028 contulit.
569 2967 665 3028 Usum
692 2966 723 3025 in
751 2966 807 3025 hta
835 2965 963 3026 editione
991 2965 1095 3046 [tigat-

201 3047 277 3106 tium
298 3047 387 3108 fuisse
402 3049 512 3110 Codice
525 3050 676 3121 Remensi‚
698 3047 832 3109 nondum
854 3061 985 3127 reperto,
1008 3045 1094 3109 loan.
1157 3120 1159 3124 ἱ

135 3202 138 3209 Ι
200 3128 319 3189 Albert.
350 3130 516 3205 Fabricius,
547 3131 704 3202 biblioth.
736 3131 801 3190 Lat.
834 3129 987 3211 Supplem.
1015 3130 1095 3191 Edit.
1197 3181 1199 3185 ,

206 3229 303 3288 1721,
337 3208 435 3282 dicere
463 3234 524 3274 nou
552 3211 668 3275 debuit:
705 3213 815 3273 Virum
830 3213 995 3294 ¹ceteroqui
1023 3211 1094 3272 dili-

202 3303 324 3371 geotcm
344 3293 446 3355 erro‘re
463 3295 621 3375 ¹impedivit
632 3293 756 3376 epistola
776 3295 915 3377 uigebit
931 3314 1022 3378 quam
1043 3292 1094 3356 ille

200 3393 240 3433 ex
261 3372 316 3433 lule
338 3375 434 3452 primd
462 3377 591 3439 editione
612 3377 815 3458 desumptam,
850 3377 951 3475 paucis
977 3376 1095 3438 tantiam

199 3454 238 3516 de
260 3454 370 3527 Codice
391 3458 529 3520 Remensi
550 3461 649 3524 verbis
669 3459 791 3538 additis,
826 3460 949 3522 editioni
968 3479 1026 3520 suae
1047 3479 1094 3520 se-

149 3563 158 3571 *
199 3537 302 3600 cunda
329 3539 472 3623 prefixit,
506 3553 537 3602 et
553 3543 775 3627 subscriptam,
806 3556 840 3607 ut
861 3554 963 3614 autea.
994 3541 1032 3604 ad
1052 3542 1092 3605 X.
