2572 4020
500 113 504 136 ι
665 119 674 141 ‹
834 72 842 117 l
882 68 884 75 Α
937 115 956 130 -,

86 222 89 239 .
154 211 251 261 „vm
385 189 388 193 ·
478 137 725 275 ἰιιιιιιιιιιςιΔ
806 252 808 257 ,
872 154 900 226 ³¹
1014 173 1018 180 ’

153 351 301 425 suadebo,
328 364 362 410 ut
383 349 641 411 commentarium
663 347 743 410 hunc
765 349 928 424 Burmanni
952 362 1053 418 tot'um‘

61 446 63 450 '
128 438 348 516 spercnrrant,
369 454 568 523 magnamque
585 454 624 494 ex
639 453 681 518 leo
704 432 862 497 utilitatem
874 443 1051 520 perceptum

152 517 191 581 iri
212 515 387 597 pollicebor.
851 579 853 583 ,
929 567 933 573 f

216 602 318 680 Ipsum
340 611 440 658 autem
461 597 498 658 ad
519 597 714 662 exantlandos
743 605 894 663 extremos
915 602 982 663 illos
1003 603 1063 663 la·.

151 681 241 743 bores
267 680 462 761 perpulerant
487 684 558 741 eirm'
584 682 676 742 editio
708 681 825 743 Pbaedri
858 683 1051 747 &Richards

71 757 76 799 ¹*
150 763 288 841 Bentlejo
310 767 503 837 concinnata,
538 779 601 824 tum
634 765 784 825 Francisci
817 767 896 826 llare
924 769 1051 849 epistola

123 891 125 899 .
150 845 282 908 Londini
315 850 344 904 in
376 847 428 916 ¹lto
455 868 534 905 anno
567 850 649 928 1726‘
672 845 844 928 publicata,
879 859 935 931 quei
964 865 1050 912 notas

127 958 129 964 2
151 926 212 990 ille
225 948 260 989 ac
281 927 515 997 emendationes·
532 929 655 990 Bentleii
676 930 859 991 severissime
887 933 1049 1012 expendit,

151 1011 282 1075 offensus
308 1009 422 1071 scilicet
445 1012 652 1093 infensusque,
680 1011 760 1095 qubd
788 1029 959 1091 accuratam
979 1020 997 1074 'a
1017 1038 1051 1078 se
1090 1023 1099 1047 ³

64 1159 67 1164 .
149 1090 288 1155 Terentii
309 1092 471 1154 editionem
494 1090 795 1175 oppositn‘llantlejus
809 1095 947 1160 Auctoris
968 1099 1051 1177 ejus·
1086 1108 1091 1131 ³

52 1179 54 1183 ’
151 1175 221 1236 dem
243 1176 373 1236 editione
406 1186 482 1237 novi
518 1175 697 1257 suggilssset.
751 1178 921 1262 Utrumque
955 1180 1050 1262 porrb

151 1269 248 1340 carpit
268 1255 475 1332 Burmannus,
503 1256 647 1328 alterum,
680 1258 758 1338 quod
787 1281 893 1338 parum
920 1244 1050 1326 cbmitcr

150 1361 254 1401 secum
273 1346 368 1422 egerit
395 1347 426 1397 in
456 1339 586 1398 editione
608 1337 737 1413 Plraedri3
772 1341 901 1402 alterum
928 1362 1048 1422 autem,

151 1422 233 1505 qudd
254 1432 350 1503 neqpe
370 1426 440 1479 satis
461 1419 544 1478 recte
562 1415 802 1480 animadvertisse
824 1427 855 1480 in
867 1423 1046 1505 Bentlejum,

104 1526 107 1531 ’
151 1525 250 1586 neque
270 1503 307 1563 de
328 1521 359 1562 se
381 1504 450 1561 satis
470 1499 638 1560 honorifice
658 1511 779 1563 sensisse
801 1503 952 1566 videatur:
975 1529 1048 1587 ergo

148 1591 261 1668 passim
293 1588 325 1642 in
354 1588 412 1642 isto
447 1603 526 1645 noro
555 1583 779 1644 Commentario
805 1600 837 1646 et
863 1585 912 1647 hic
938 1601 969 1649 et
996 1588 1048 1649 ille

72 1681 88 1720 l
149 1675 264 1748 pariter
276 1669 471 1746 exagitantur.
517 1666 563 1727 De
577 1664 702 1727 Bentleii
722 1665 869 1744 editione,
891 1677 955 1751 qu'ae
968 1691 1047 1732 anno

125 1808 127 1812 ,
156 1750 250 1831 1726,
277 1753 309 1819 in
332 1751 383 1820 ito
411 1747 606 1830 Cantabrigiae
626 1746 755 1828 prodiit,
783 1749 860 1812 nibil
886 1751 1046 1814 disseram:

149 1831 299 1908 monebo,
327 1844 387 1893 tres
405 1837 523 1910 ,mutim
553 1837 585 1890 in
606 1843 639 1894 ei
660 1846 824 1913 quatuorve
852 1833 976 1897 fabellas
996 1843 1048 1897 in-

128 1921 264 2013 ieniri,
287 1913 430 1997 quasilla
452 1913 768 1993 nonrinterpolaverjt.
973 1913 976 1918 ’

212 1999 324 2060 Tribus
350 2000 435 2058 annis
455 2010 522 2078 post
544 2001 672 2075 primam
701 1985 862 2060 Burmabni
884 1999 1047 2061 editionem

149 2081 265 2163 prodiit
293 2079 439 2161 Phaedrus
467 2072 680 2140 Amstelodarbi
703 2086 735 2140 in
766 2085 817 2152 lto
838 2089 916 2142 notis
944 2083 1048 2142 iaDa-

136 2165 219 2225 ·ride
246 2164 471 2245 Hoogstratano
504 2161 666 2222 illustratus
694 2167 725 2222 in
753 2185 838 2225 usum
867 2168 1047 2224 serenissimi

148 2240 300 2325 Principis
327 2245 467 2305 Nassavii.
509 2241 620 2305 Nobili
635 2245 794 2326 grandium
818 2256 959 2326 typorum
982 2244 1046 2307 ele-

149 2337 250 2429 gantia
270 2325 461 2388 commendat
481 2348 512 2388 se
532 2325 606 2403 baec
627 2327 718 2389 editio
725 2355 734 2402 ;
763 2331 926 2411 figurisque
954 2337 1047 2390 etiam

149 2431 184 2469 ιιι
204 2429 254 2471 aas
274 2413 389 2482 incisis,
410 2410 538 2470 artificio
558 2409 628 2470 sanie
648 2409 814 2490 plausibili,
836 2431 926 2492 quarn
947 2411 1046 2492 pluri-

149 2500 208 2553 mis
229 2505 333 2551 ornata
353 2505 413 2565 est;
446 2505 535 2574 utque
563 2503 615 2556 isti
646 2490 759 2571 duplici
785 2500 883 2573 specie
910 2491 1046 2574 praeful-

151 2595 225 2658 gens
244 2576 377 2636 curiosos
403 2572 539 2634 homines
560 2583 590 2633 in
618 2574 746 2655 publicis
774 2577 959 2636 auctionibus
989 2596 1046 2650 exe

149 2665 244 2720 citare
265 2654 356 2741 solet,
384 2669 420 2716 ut
440 2662 533 2738 ipsam
554 2658 684 2736 majore,
712 2657 803 2738 quim
823 2649 952 2732 ceteras,
974 2678 1047 2739 pre-

149 2744 194 2802 tio
215 2749 239 2802 si
254 2751 377 2822 *queant
404 2758 595 2819 comparare,
630 2739 799 2801 decertent:
831 2741 985 2819 praetereb
1012 2745 1046 2800 in

62 2825 64 2828 ’
149 2827 309 2885 menstruis
343 2820 534 2884 eruditorum
567 2823 772 2882 Parisiensium
805 2822 978 2885 adversariis
1008 2820 1046 2883 ad

136 2905 263 2967 'annum
287 2925 380 2987 1702,
403 2905 509 2987 pagini
532 2908 586 2987 78,
607 2903 692 2966 valde
713 2903 865 2979 laudatur,
887 2917 1045 2970 asseritur-

15 3020 17 3025 >
85 2984 87 2987 ’
119 3040 122 3045 i
150 3008 210 3070 qus
230 2984 329 3049 deesse
350 2985 523 3067 nihiloperi
545 2995 701 3063 universo,
723 2996 903 3068 quominus
925 2987 1044 3070 placere

98 3115 102 3120 -
149 3084 202 3133 aut
221 3067 361 3151 prodesse
382 3068 499 3132 debeat.
541 3067 579 3128 At
599 3074 776 3135 sententiam
790 3072 928 3151 proferre
951 3091 1045 3151 cogor

135 3151 240 3236 ,paulo
267 3146 431 3229 diversam,
459 3165 491 3213 et
516 3152 647 3213 monebo
654 3196 663 3226 ,
692 3150 769 3213 hanc
790 3153 912 3234 quidem
933 3153 1045 3218 editio-

90 3265 111 3281 «·
129 3231 136 3302 J
150 3241 221 3319 nem
243 3232 394 3298 abundare
414 3234 577 3317 elegantii,
604 3254 691 3314 saepe
712 3247 813 3296 autem
842 3236 970 3298 utilitate
990 3235 1047 3296 de-

150 3324 286 3382 stitutam
306 3320 452 3378 inveniri:
474 3327 586 3379 etenim
607 3337 668 3377 non
690 3317 782 3379 modb
802 3319 915 3382 multae
936 3339 1046 3380 occur-

150 3414 237 3476 runt,
267 3410 298 3461 in
326 3383 456 3459 Phaedri
483 3398 597 3461 fabulas
623 3397 781 3476 admissae,
821 3400 1046 3464 emendationes

150 3483 305 3547 sariorum
345 3481 528 3544 Criticorum
568 3479 720 3567 aliquanto
756 3483 946 3565 audacioress
993 3483 1045 3544 sed

414 3629 418 3656 l
