2572 4020
308 248 328 316 4
512 243 708 306 unusual
727 243 975 393 FAWRVM
1123 274 1131 291 .

349 412 494 485 Rauca
515 424 665 496 vagantes
686 408 1003 497 liberispaludibus,
1024 461 1027 469 .
1153 411 1197 475 10
1215 428 1218 437 ’

309 495 460 562 Clamore
487 518 606 583 magno
627 518 737 582 regem
757 502 877 582 petiere
900 498 1059 587 chloro,

293 583 377 674 ‚Qui
400 586 567 650 dissolutos
587 604 695 647 mores
712 587 751 651 ‚vi
771 598 998 670 compesceret.

308 669 405 734 Pater
425 672 574 735 Deorum
590 674 675 757 risit,
697 669 791 755 atque
813 672 880 737 illis,
897 672 984 736 dedit
1205 724 1210 730 .

308 756 458 825 Parvum
473 758 627 845 tigillum,
646 762 783 821 missum
804 758 892 843 quod
912 756 1017 822 subito
1038 752 1129 822 vadis
1210 812 1214 818 .

308 843 402 908 Motu
423 865 566 929 sonoque
587 850 700 909 terruit
719 846 875 930 pavidum
895 865 1005 932 genus.
1154 842 1194 904 15

309 929 384 994 Hoc
403 952 548 995 mersum
568 931 648 996 limo
670 935 747 995 cirm
763 935 886 1019 jaceret
905 933 1047 1015 diuum,
1149 990 1152 997 .

258 1051 274 1067 -«
308 1015 407 1083 Forte
423 1027 488 1082 una
509 1022 604 1083 tacite
625 1019 745 1105 profert
766 1025 785 1084 ὸ
806 1034 918 1111 stagpro
938 1029 1049 1107 caput,

208 1184 213 1191 Ι
307 1102 350 1167 Et
371 1105 532 1189 explorato
552 1128 649 1193 rege,
669 1114 798 1171 cunctas
818 1121 942 1173 evocat.

307 1189 376 1254 Illae
391 1196 521 1269 tunore.
534 1197 639 1278 posito
660 1197 807 1257 certatim
828 1188 999 1281 adnatant,

216 1315 218 1319 -
307 1274 510 1364 Lignumque
532 1298 629 1364 supra
648 1279 741 1342 turba
761 1280 906 1364 petulans
928 1281 1045 1355 insilit;
1152 1282 1196 1347 20

309 1360 408 1453 Quod
429 1369 505 1428 cum
524 1369 744 1451 inquinassent
764 1370 855 1428 omui
877 1357 1087 1447 contumelia,

306 1450 422 1513 Alium
441 1462 589 1534 rogantes
610 1471 722 1535 regem
742 1454 864 1514 misere
884 1453 926 1516 ad
946 1453 1104 1531 Iovem„

306 1535 433 1599 Inutilis
455 1539 609 1618 qnoniam
631 1549 714 1598 esset
731 1543 787 1622 qui
807 1535 912 1600 fuerat
933 1538 1033 1602 datus.

307 1620 396 1683 Tum
416 1624 504 1683 misit
519 1621 582 1684 illis
604 1621 766 1711 hydrum,
786 1627 841 1708 qui
862 1623 957 1688 dente
974 1645 1088 1709 aspero

307 1703 478 1792 Corripere
501 1711 595 1792 coepit
614 1710 764 1794 singulas.
805 1709 936 1774 Frustra
956 1732 1071 1775 necem
1151 1718 1192 1781 25
1274 1752 1278 1764 ι

306 1790 457 1879 Fugitant
479 1797 606 1859 inertes.
647 1794 777 1860 Vocem
796 1798 962 1880 praecludit
984 1812 1099 1861 metus.

306 1876 434 1943 Furtim
450 1880 642 1966 igitur'dant
661 1881 824 1946 Mercurio
847 1884 999 1948 mandata
1020 1885 1060 1948 ad
1078 1882 1193 1951 Iovem

285 1964 455 2030 --Adflictis
478 1979 513 2030 ut
533 1981 704 2030 succurrat.
744 1967 838 2031 Tunc
856 1984 967 2034 contra
985 1970 1097 2034 Deus:

309 2048 396 2140 Quia
412 2054 558 2120 noluistis
578 2065 723 2120 vestrum
743 2054 845 2142 ferre,
871 2060 990 2143 inquit,
1010 2057 1133 2123 bonum
1143 2104 1153 2143 7

307 2139 440 2202 Malum
454 2140 601 2225 perferte.
642 2140 713 2203 Vos
735 2162 873 2229 quoque,
894 2142 1028 2229 deivos,
1049 2148 1104 2228 ait,
1152 2145 1194 2206 30

308 2224 383 2290 Hoc
403 2230 571 2311 sustinete,
591 2229 697 2314 majus
715 2249 757 2292 ue
776 2234 887 2296 veniat
904 2232 1052 2301 malum(
1276 2252 1279 2259 ·

524 2368 850 2504 suavus
897 2423 971 2518 111.
1074 2451 1076 2455 >

427 2554 432 2572 '
482 2560 646 2631 Graculus
666 2567 821 2653 superbus
830 2614 842 2647 ,
867 2578 897 2631 et
910 2563 1019 2632 Pavo.

308 2686 384 2792 Nu
401 2727 531 2815 gloriari
552 2727 649 2793 libeat
668 2730 780 2795 alienis
799 2730 910 2817 bonis,

306 2848 1193 2882 -q———nu—o———u--n—-a--BQ

359 2933 398 2985 16.
434 2929 559 3046 Dionaei
595 2927 713 2980 Secunda
729 2928 802 2981 vocis
818 2927 896 2997 hujus
910 2926 1008 2996 syllaba
1026 2927 1120 3000 corripi
1136 2939 1197 3000 pot·

309 3005 357 3048 cst.
391 2994 435 3048 Sic
450 2995 530 3048 Libro
560 2992 605 3056 V..
621 2993 726 3072 Epilegi
741 3012 767 3048 r·
788 3010 828 3062 14·

371 3098 374 3103 -
491 3062 573 3115 Fruar
589 3062 704 3122 diutius,
723 3061 746 3112 si
762 3061 872 3113 celerius
890 3076 1002 3131 coepero.

307 3126 402 3198 Nc'que
418 3127 563 3182 audiendus
580 3138 621 3181 est
635 3126 791 3206 Scioppius,
810 3126 856 3198 qui
869 3127 1008 3178 Phaedrum
1024 3127 1086 3179 inde
1103 3127 1196 3196 arguit,

307 3194 380 3274 leges
397 3195 519 3274 metricas
534 3197 623 3249 minus
634 3193 774 3246 calluisse:
792 3195 903 3246 eandem
918 3193 990 3246 enim
1001 3193 1128 3313 alliabem
1144 3196 1198 3247 Te·
1281 3233 1284 3237 -

306 3260 1130 3402 uu*scrutaturusstatutus.‚
1189 3388 1192 3393 ,
1230 3386 1233 3391 ,

309 3394 381 3455 (Hoc
390 3427 399 3453 ,
416 3394 543 3464 pavidum
560 3411 641 3465 genus
657 3409 799 3453 ranarum,
820 3412 875 3446 uon
892 3394 1009 3464 tignum.
1035 3391 1106 3474 prod
1121 3390 1200 3443 rutel·

308 3458 419 3527 ligantes
438 3458 607 3511 offenduntur
623 3456 674 3519 v'ui
690 3460 876 3530 eruditissimi,
894 3460 955 3532 quia
969 3474 1054 3533 murga
1069 3476 1123 3516 uon
1136 3466 1199 3529 pot·

310 3534 350 3579 est
367 3525 466 3580 scilicet
482 3543 549 3598 aqua
565 3526 679 3598 lignun.
722 3530 770 3598 Β.)

652 3606 659 3631 Ι
