2572 4020
174 168 239 214 nx
504 148 744 212 sarmatan.
802 120 814 151 ²

149 303 390 395 'perfectiorque
416 311 533 375 videtur
559 312 728 395 Diapontini
759 272 858 388 labor,
890 326 977 397 atque
1004 313 1060 377 sud
1131 351 1132 356 κ

40 410 43 419 ’
169 416 240 457 cum
261 392 348 456 laude
369 394 507 457 fraudare
527 417 588 456 non
610 396 697 457 dehet
718 397 851 476 praelatio
874 395 1056 478 longissima,
1131 434 1132 442 κ

170 480 230 573 qud
250 476 332 537 Petri
359 477 475 538 Danetii
503 491 587 553 notas
614 478 644 538 in
678 476 831 539 Phaedrum
856 477 996 560 expendit
1021 497 1060 541 ac
1099 494 1103 501 '

170 557 342 640 singillatim
372 557 528 640 exsugillat
557 559 650 622 homo
683 559 826 638 furiosus,
856 560 954 623 studio
987 580 1059 620 sane
1131 610 1132 626 2

83 654 86 659 '
170 638 273 703 odioso
294 639 418 720 perinde
438 652 478 700 ac'
495 640 606 703 inutili.

231 721 310 783 Frid.
333 721 476 783 Gronovii
507 736 584 784 nolae
605 721 670 782 viro
697 722 765 783 tsm'
779 720 867 782 docto
898 743 958 784 non
988 735 1059 784 sunt

170 802 266 887 dignae
278 826 287 880 3
315 805 411 885 lneque
434 825 521 865 causa
542 802 677 885 profecti)
704 805 773 865 satis
792 823 898 883 magna
928 804 1058 879 exstitit,

169 893 224 947 'cur
241 904 299 966 pro
320 882 378 947 illis
399 885 578 948 vindicandis
599 887 659 946 lac.
687 882 853 945 Gronovius
873 884 904 944 in
925 886 1058 948 Gudiurn

129 970 134 991 ¹
168 980 323 1048 tantopere
343 964 594 1029 debaccharetur:
616 967 714 1049 ipsum
733 964 813 1025 enirn
834 964 907 1026 dicit
926 988 981 1028 suo
1002 987 1057 1047 pa·-

168 1046 208 1109 iri
229 1048 403 1110 suffuratum
424 1050 513 1112 luisse
533 1046 675 1131 quidquid
696 1045 768 1106 honi
781 1046 825 1115 ‚ad
847 1047 1058 1111 illustrandum

168 1128 321 1199 Phaedrum
334 1131 554 1212 compilaverit,
575 1142 605 1190 et
626 1147 770 1208 nusquam
792 1126 979 1204 indicavisse,
1001 1150 1057 1211 per

168 1231 259 1293 quem
278 1214 449 1293 profecerit.
491 1212 567 1269 Hinc
588 1229 710 1289 prorsus
728 1222 879 1269 amentem
898 1214 1004 1282 illum,
1026 1226 1059 1272 et

162 1315 337 1372 possessum
357 1293 396 1350 ab
408 1294 500 1373 fiirid
511 1292 617 1371 fursee
632 1287 764 1349 clamitat
785 1289 815 1350 in
836 1292 894 1352 suis
913 1293 1057 1353 emenda-

168 1375 314 1451 tionibus,
342 1391 371 1452 p.
403 1375 475 1452 159:
507 1391 571 1452 qnae
598 1369 718 1452 quidem
747 1371 966 1434 emendationes
994 1396 1055 1435 non
1120 1407 1123 1412 ·

167 1455 264 1529 multo
276 1453 385 1532 ¹magis
403 1451 489 1514 utiles
509 1452 585 1511 milri
606 1453 672 1512 visae
692 1464 771 1526 sunl,
789 1453 878 1534 quim
899 1466 1056 1516 contume-

167 1533 234 1606 lia,
256 1535 362 1615 quibus
381 1532 581 1594 adversarium
600 1533 757 1615 inquinare
778 1548 912 1595 conatur.

217 1614 316 1677 Partes
336 1613 425 1691 Gudii
446 1613 642 1677 defendendas
667 1615 795 1696 suscepit
815 1616 897 1676 loan.
919 1613 1055 1676 Christo-

166 1692 280 1836 'pllrorus
312 1695 459 1774 Wolfins,
494 1696 674 1779 Phaedroque
706 1717 785 1757 anno
824 1719 900 1785 ¹7⁰9
931 1697 963 1764 in
997 1700 1055 1758 8vo

202 1778 458 1861 ensburgiedito,
485 1779 661 1840 memoriam
689 1779 873 1855 Gudianam,
899 1778 1055 1841 calumniis

142 1924 148 1941 Ι
167 1861 414 1936 contaminatam,
442 1860 591 1923 vindicare
611 1881 763 1943 aggressus
789 1875 843 1924 est.
885 1862 969 1922 Hanc
990 1859 1055 1921 etli-

167 1941 281 2003 tionem
302 1943 402 2005 videre
413 1941 487 2003 mihi
509 1943 815 2025 nunquamcontigit3
836 1963 960 2025 eamque
980 1962 1055 2022 prac-

167 2024 354 2086 termisissem
375 2024 504 2096 silentio,
526 2025 582 2084 nisi
607 2024 725 2086 aliunde
745 2024 920 2097 didicissem,
945 2022 1055 2082 Phaedri
1107 2083 1109 2091 ,

166 2104 282 2166 fabulas
305 2105 333 2164 in
356 2105 419 2186 ipso
439 2103 527 2166 titulo
550 2106 679 2166 nuntiari
701 2111 765 2167 und
786 2111 952 2178 erectiores,
973 2125 1055 2166 eam-

167 2206 224 2267 que
246 2190 306 2246 non
326 2206 388 2247 esse
412 2186 539 2262 Phaedri,
572 2187 622 2249 sed
645 2188 763 2248 loannis
786 2187 941 2246 Commirii
962 2187 1055 2257 usuri

165 2263 316 2344 ¹fabulam
338 2278 427 2349 quam
448 2268 568 2351 quidem
590 2267 710 2330 Phaedro
723 2268 852 2349 potuisse
872 2268 910 2328 ab
932 2265 1055 2328 homine

157 2368 237 2409 sano
258 2361 288 2408 et
309 2349 449 2432 vigilante
469 2350 614 2424 adscribi,
637 2349 808 2431 neutiquam
830 2348 966 2428 prolecto
987 2368 1055 2408 crc-

166 2426 257 2489 dibrle
277 2444 332 2490 est.
375 2430 422 2492 lbi
442 2431 522 2492 enim
545 2430 702 2514 graphice,
734 2430 868 2512 quamvis
895 2450 949 2510 per
978 2429 1056 2490 alle·

166 2510 297 2587 goriam,
321 2512 444 2574 Batavos
462 2519 550 2594 poeta
571 2512 667 2593 pingit
687 2514 704 2571 a
723 2509 875 2572 hudovico
893 2512 979 2571 xlv,
1000 2510 1056 2571 de·

166 2590 300 2653 bellatus.
330 2593 447 2655 Titulus
468 2607 568 2655 autem
589 2593 654 2655 talis
675 2607 734 2654 est:
754 2593 921 2672 Appendix
943 2593 986 2651 nd
996 2595 1055 2674 fa-

166 2672 255 2733 bulas
282 2675 413 2734 Phaedri
421 2714 433 2746 ,
467 2694 503 2735 ex
535 2675 729 2735 Bibliotheca
754 2675 920 2747 Leidensi,·
947 2677 1001 2733 Sol
1026 2687 1057 2732 et

100 2752 106 2759 ’
165 2756 286 2832 Ranoe3
316 2756 444 2832 Parisiis,
477 2755 555 2837 apud
584 2756 774 2817 Franciscum
800 2756 937 2835 Mugnet,
970 2758 1054 2836 1672.

165 2833 208 2895 Et
227 2836 263 2897 ad
284 2836 398 2898 calcem
430 2837 578 2918 adjectum
599 2849 661 2905 est:
690 2841 784 2896 quta
811 2839 965 2916 exemplar
990 2837 1056 2895 edi·

167 2926 232 2974 dam
265 2919 490 2992 Ametelodomi
521 2912 572 2978 ad<
593 2920 722 3000 Insigne
752 2920 852 2980 Inane.
906 2916 1056 2978 Nimirum

167 2995 246 3076 apud
274 2998 437 3061 Historicos
464 3000 574 3062 horum
595 3012 766 3082 temporum
793 2997 962 3080 complures
989 3019 1056 3060 me·

81 3128 87 3139 ,
167 3089 302 3139 moratur
323 3089 407 3142 losne
430 3104 484 3142 van
506 3081 698 3163 Beuuingen,
731 3082 909 3143 Batavos-um
931 3081 1055 3160 Legatos

166 3148 301 3221 eGallil
322 3163 432 3238 redux,
459 3162 605 3225 curavisse
631 3160 856 3244 percutiendum
888 3165 1047 3222 numisma,

52 3237 57 3257 ⁵
166 3241 197 3300 in
224 3245 283 3324 qu'o
312 3244 480 3324 exsculptus
501 3244 561 3325 ipse
593 3257 672 3307 stans
698 3265 803 3305 coram
835 3243 903 3306 Sole
932 3244 1031 3304 luisset

165 3322 263 3383 addita
286 3323 341 3384 hac
367 3326 526 3400 sentcntid3
560 3328 601 3385 In
621 3340 780 3406 conspectu
801 3349 864 3386 meo
887 3329 1025 3385 stetisse

166 3402 223 3465 sal
241 3403 411 3472 'ludovicus
423 3406 539 3488 alubery
560 3406 607 3471 du
622 3409 751 3473 Manrier
766 3407 796 3470 lu
817 3407 876 3472 suis
890 3409 1025 3469 Commet
