2572 4020
335 211 359 250 11
665 181 907 244 PRAEFATIO.
936 131 939 140 Ι

336 310 521 466 rumpere.
569 346 697 448 Atque
710 361 789 427 toto
800 373 851 424 ex
871 373 916 455 eo
935 362 1102 450 tempore
1116 349 1237 437 Phae-

337 467 425 542 drus
449 490 555 540 meus
572 462 764 539 desidere
754 489 792 535 ιιι
808 461 970 552 scriniis,
996 463 1055 538 vel
1073 463 1126 545 ibi
1146 492 1237 540 cum

337 580 463 657 blattis
482 579 624 678 litigare
641 605 716 655 non
737 575 884 652 cesavit
916 578 987 653 Sed
1005 606 1123 681 nuper
1146 581 1236 655 clun

338 712 487 797 rogatus
505 721 621 770 essem
635 680 747 796 paulo
762 695 921 786 enixius,
946 711 990 770 ut
1010 695 1234 799 evulgarem,

338 840 435 917 quae
459 811 603 887 tamdiu
634 836 844 920 compressa
868 811 1129 906 detinuissem‚
1162 828 1238 890 tan·

337 929 425 1004 dem
446 928 628 1003 adductus
654 954 758 1020 sum,
806 943 851 1002 ut
883 955 926 1004 ea
954 929 1081 1009 darem
1103 929 1237 1031 praelis

339 1042 589 1144 subjicienda3
615 1069 690 1117 non
720 1058 845 1133 tamen
870 1043 1014 1118 omnia:
1046 1059 1083 1119 at
1103 1042 1238 1120 selecta

303 1189 306 1194 ’
339 1160 524 1264 quaedam
536 1187 580 1235 ex
594 1159 673 1234 istis
682 1157 1018 1250 lucubrationibus,
1033 1184 1126 1262 quas
1138 1164 1238 1237 certe

337 1276 371 1353 si
383 1274 510 1377 plenas
525 1292 561 1350 ot
575 1275 732 1373 integras
745 1273 993 1366 effunderem,
1014 1303 1089 1352 non
1101 1277 1239 1354 ferrent

338 1392 486 1494 ingenia
503 1390 620 1464 nostri
633 1391 829 1492 temporis,
849 1392 870 1462 a
884 1388 1070 1489 majorum
1083 1392 1240 1491 ingeniis

254 1591 256 1595 ⁷
340 1507 450 1606 longe
469 1505 633 1580 diversa:
670 1519 706 1580 et
726 1503 801 1579 hoc
825 1503 936 1581 etiam
954 1522 1063 1604 pacto
1085 1507 1148 1580 vix
1168 1509 1239 1582 du-

341 1621 460 1697 bitere
479 1648 653 1723 possum,
678 1623 771 1725 quin
796 1622 922 1697 futura
954 1622 1001 1696 sit
1032 1621 1240 1724 faventium

218 1740 224 1771 '¹
341 1735 439 1832 mihi
483 1736 666 1820 lectorum
703 1737 798 1811 mira
841 1737 1018 1839 paucitas
1075 1727 1240 1814 Etenim

343 1849 456 1927 hodie
497 1850 610 1928 latina
647 1850 858 1926 lucubratio
899 1853 1013 1954 paulo
1050 1852 1241 1955 operosior

343 1953 454 2067 plane
491 1965 725 2066 obsolevit3
743 1965 1036 2100 gallicorumque
1081 1994 1242 2070 opuscu-

342 2079 523 2157 lorum
494 2108 573 2158 sive
602 2082 792 2185 impietas,
837 2085 915 2159 sive
939 2084 1116 2160 festivitas
1141 2083 1241 2161 solae

344 2195 483 2279 habent
509 2195 781 2294 celebritatem,
807 2217 845 2277 et
869 2200 1148 2281 multitudinem
1173 2199 1242 2279 bo·

325 2310 493 2399 minum
533 2312 646 2402 etiam
680 2312 911 2407 literatorum
937 2318 998 2394 vel
1037 2335 1242 2420 occupant,

346 2427 406 2519 vel
429 2424 627 2503 oblectant.
651 2428 722 2505 Sed
742 2429 926 2529 ejusmodi
944 2428 1083 2523 famam
1108 2449 1144 2508 et
1165 2431 1242 2533 glo·

345 2541 557 2633 riolam,'si
574 2548 705 2645 ⁴tamen¹
719 2569 761 2631 ea
782 2546 916 2620 merito
929 2544 1092 2647 'gloriola
1118 2546 1243 2648 appel*

188 2663 195 2677 '
263 2718 265 2721 .
346 2655 414 2747 lari
430 2657 574 2759 potest,
586 2658 694 2749 facile
715 2675 925 2740 contemno.
962 2660 1151 2762 Adjuvare
1169 2660 1246 2736 lite·

345 2799 404 2862 ras
427 2773 540 2869 meis,
572 2773 864 2878 qualescumque
894 2775 988 2870 sint,
1021 2775 1243 2854 utilitatibus

347 2889 489 2996 cupior
519 2891 557 2965 in
587 2918 665 2996 quo
688 2893 942 2994 persequendo
973 2895 1185 2996 proposito,
1211 2897 1244 2971 si

347 3002 475 3096 bonis,
510 3007 578 3108 qui
600 3006 711 3107 pauci
730 3007 884 3110 quidem
911 2998 1016 3100 suut,
1046 2997 1243 3084 literatori-

347 3121 420 3215 bus
447 3120 590 3225 placere
608 3121 772 3225 possim,
824 3139 1031 3200 ceterorum
1060 3124 1244 3227 suffragiis

347 3240 529 3340 patienter
554 3237 699 3315 carebo.
760 3241 891 3316 Statim
928 3266 1012 3340 ergo
1045 3242 1244 3355 procedere

232 3381 242 3423 .·
348 3353 447 3433 hino
461 3355 509 3430 ad
525 3383 624 3435 meas
643 3357 941 3460 Disputationes,
966 3383 1062 3465 quae
1087 3382 1243 3488 numero

238 3474 241 3481 ’
288 3504 292 3512 ·
350 3485 422 3546 tres
448 3487 574 3566 erunt,
592 3473 788 3576 incipiam.
875 3545 879 3561 ,
