2572 4020
537 172 747 265 iiussuiv„
813 258 816 265 ,
871 262 876 271 ,
992 248 995 255 .
1046 183 1083 286 95

192 372 261 526 gqi
277 370 479 440 circumcidis
499 368 633 435 omnem
650 375 833 454 impensam
849 371 989 458 funeris,
1041 374 1083 437 25

224 465 231 477 '
253 464 334 524 itina
350 481 392 522 ne
415 457 492 542 quid
516 458 556 522 de
575 472 630 521 tuo
651 457 744 530 faciat
760 458 851 523 lucri.
965 470 968 480 ²

394 612 872 769 nunionis

251 843 305 886 vn)
319 821 464 910 judicare
483 826 599 910 cogitet
620 823 721 889 Livor
738 823 857 909 modii,

193 927 285 992 Licet
299 930 497 1015 dissimulet,
517 930 649 1014 pulchre
666 928 782 993 tamen
796 925 956 1011 intelligo:

193 1015 361 1106 Quidquid
376 1017 500 1101 putabit
519 1038 588 1081 esse
602 1017 736 1101 dignuin
753 1016 938 1097 memorien,

192 1102 314 1188 Aesopi
336 1103 434 1168 dicet:
455 1108 482 1166 si
503 1104 579 1187 quid
596 1107 704 1165 miniis
724 1102 886 1186 adiuerit,

164 1262 167 1271 y
191 1190 226 1252 A
240 1199 296 1252 'ine
311 1191 482 1255 contendet
498 1190 610 1255 {ictuiu
631 1194 745 1274 quovis
765 1192 909 1272 pIgnore.
990 1181 1019 1262 4'
1064 1193 1085 1254 5

193 1275 304 1365 Quem
323 1278 398 1341 'volo
417 1278 519 1341 refelli
534 1280 604 1362 jain
622 1300 708 1340 nuuc
725 1295 877 1360 responso
891 1296 988 1340 meo:

192 1364 268 1428 Sive
283 1364 344 1425 lioc
361 1369 525 1449 ineptum,
547 1366 614 1428 sive
632 1363 831 1427 laudandum
851 1377 898 1426 est
917 1382 1014 1449 opus,

193 1452 322 1515 invenit
343 1451 396 1513 ille
407 1498 417 1537 7
436 1467 544 1515 nostre
566 1450 700 1535 perfecit
717 1471 843 1512 munus.
1088 1518 1090 1522 ¹

191 1538 255 1600 Sed
276 1559 486 1620 exsequamur
505 1552 644 1621 emptum
663 1541 817 1622 propositi
841 1536 999 1600 ordinem.

183 1695 299 1761 fatigare
315 1694 438 1759 possimus
468 1694 585 1752 Coeluni,
604 1669 744 1758 nonsacile
761 1693 860 1745 uidetur
877 1692 1003 1757 euplioatu
1021 1726 1026 1738 .
1047 1728 1055 1750 ,
1076 1727 1083 1741 .

190 1762 318 1809 soi-ditium
345 1761 420 1809 etiam
447 1758 584 1825 pep'un'um
613 1760 736 1826 negotium
751 1759 875 1825 facessit.
909 1759 946 1809 At
970 1757 1085 1827 perjurio

191 1827 301 1896 fatigare
320 1827 424 1876 Coeluin
438 1843 472 1876 eo
498 1826 577 1877 modo
595 1828 699 1878 Avarus
724 1825 836 1886 dieitur,
864 1841 915 1895 quo
933 1825 997 1876 luno
1015 1825 1086 1894 apud

192 1893 336 1962 Virgilium
353 1895 426 1944 Aen.
444 1893 475 1943 L.
494 1893 526 1954 1.‚
545 1912 570 1944 v·
590 1895 648 1959 284.
1088 1934 1091 1939 .

261 1959 327 2027 Quae
343 1976 416 2023 mare
432 1976 502 2010 nunc
521 1970 652 2030 terresque
668 1969 741 2010 metu
760 1956 918 2030 Coelumquo
934 1957 1035 2026 fatigat.

192 2025 236 2075 Ad
255 2043 333 2096 quein
350 2043 456 2077 versum
473 2025 595 2077 Servius:
614 2026 716 2094 leriga
732 2028 806 2087 uero,
824 2025 926 2095 inquit,
952 2042 997 2087 pro
1014 2043 1103 2074 exer--

191 2103 246 2150 cet,
273 2093 410 2153 sollicitat,
437 2105 581 2144 commouet.
612 2094 723 2145 Coelium
740 2111 801 2163 ergo
819 2094 940 2151 Avarus.
965 2110 1019 2143 non
1036 2108 1084 2160 pro

192 2175 221 2209 se
238 2159 364 2228 quidem,
382 2170 412 2210 ut
427 2159 511 2218 Iuno,
530 2159 575 2210 sed
593 2171 683 2212 contra
695 2178 722 2211 so
739 2169 909 2223 commovet3
928 2175 957 2209 ao
975 2157 1086 2229 proinde

191 2225 315 2342 tetigere
329 2225 381 2277 dici
405 2225 485 2277 latine
507 2236 602 2306 potest.
637 2227 817 2344 Neque'ffimd
841 2225 986 2303 perjurium
1003 2225 1087 2303 Avuri

192 2311 236 2344 sor
256 2294 329 2344 idum
345 2304 472 2353 vocatur,
502 2310 586 2359 maior
602 2310 634 2344 ea
659 2304 699 2344 est
716 2294 743 2345 di
773 2293 873 2346 cultas:
903 2310 989 2343 omnis
1015 2310 1086 2344 enim

192 2359 297 2411 sordide
316 2370 435 2413 censetur
452 2359 548 2428 agendi
564 2361 630 2412 ratio
648 2360 726 2428 hujus
751 2360 881 2419 hominis,
909 2361 955 2429 qui
980 2358 1014 2410 sit
1029 2359 1087 2429 ipse
1156 2383 1158 2387 ’

194 2425 332 2477 sordidus:
360 2426 427 2477 ratio
444 2427 541 2496 igitur.
562 2425 602 2476 ed
620 2443 699 2497 quum
715 2428 818 2479 Averm
835 2426 976 2496 pejerando
993 2426 1104 2476 confu··
1150 2456 1152 2463 ·

193 2494 247 2562 git,
266 2494 371 2544 sordida
387 2503 474 2563 potest
489 2493 597 2558 vocari3
615 2511 645 2545 ao
658 2493 768 2565 proinde
784 2495 929 2564 perjurium
944 2493 1026 2563 ipsius
1044 2492 1087 2547 di-

195 2559 220 2610 ci
238 2576 341 2629 quoque
359 2559 494 2612 sordidum
510 2569 607 2632 potest.
642 2562 667 2610 A
686 2557 747 2612 endi
761 2560 892 2614 rationem
902 2560 1086 2630 hujuscemodi

194 2625 304 2684 Cicero,
327 2628 403 2694 Offio.
422 2627 454 2679 L.
471 2644 508 2686 2..
527 2630 594 2687 uo.
612 2645 654 2676 sor
672 2627 740 2677 idam
763 2626 887 2699 pariter,'
902 2629 986 2681 immo
1002 2626 1086 2677 sordi·
1146 2644 1154 2659 ·

192 2694 323 2743 dissimum
343 2705 368 2741 et
382 2694 608 2760 inquinatissimam
627 2704 711 2747 voo'at.

242 2764 283 2813 25.
306 2761 357 2831 Qui
374 2761 541 2827 circumcidis]
576 2761 674 2813 Sensus
692 2772 746 2813 est:
764 2762 810 2832 qui
829 2772 876 2812 tuo
892 2761 972 2812 etiam
993 2759 1021 2810 in
1045 2769 1086 2810 te·

193 2836 322 2880 utamento
339 2827 486 2896 impensum
508 2845 633 2886 omnem,
659 2827 711 2879 tuis
731 2828 861 2898 exsequiis
882 2827 1012 2885 debitam,
1037 2827 1086 2877 cir-

192 2893 367 2944 cumcidendo
384 2906 410 2946 et
428 2894 576 2947 abradendo
594 2895 713 2947 minuere
737 2894 857 2957 conaris,
883 2910 916 2944 ne
938 2891 1087 2946 Libitinarii

193 2960 226 3011 de
245 2963 288 3009 turi
326 2961 417 3010 ecuuii
434 2979 462 3012 re
481 2972 567 3013 ortent
583 2958 627 3012 eli
655 2962 684 3013 id
702 2960 783 3025 lucri!

243 3029 284 3077 26.
331 3026 423 3093 bitiae]
457 2981 598 3090 liorafius,
640 3029 718 3087 .ll.,
743 3031 798 3077 Sat.
818 3027 860 3087 6.,
883 3041 967 3091 v.19.

260 3093 462 3163 Autumnusque
483 3096 585 3163 gravis,
603 3096 724 3147 Libitinae
748 3103 860 3163 quaestus
876 3093 985 3145 acerbo.

153 3212 161 3233 ἱ
192 3157 244 3208 Ubi
262 3159 378 3237 bibitum
400 3161 500 3238 paritor.
513 3173 644 3239 quaestum
663 3163 718 3239 sive
738 3162 840 3234 luorum
864 3159 949 3213 lesere
973 3156 1086 3223 dicitur,
1135 3164 1136 3168 ’

193 3225 238 3294 sed
259 3237 311 3279 ita.
330 3236 359 3276 ut
378 3245 423 3296 pro
444 3228 604 3279 Libitinarius
625 3227 776 3300 accipienda
798 3237 840 3283 sit.

233 3296 279 3357 '(1.
300 3293 353 3343 Cur
375 3295 471 3342 modo?
488 3294 595 3346 Scribe:
617 3297 673 3363 Quo
681 3296 802 3358 judicare
821 3304 871 3343 eto.
907 3292 952 3358 Β.)

242 3362 267 3411 5.
294 3360 386 3436 Quouis
403 3360 519 3438 pignore]
547 3362 593 3438 'Ita
614 3362 751 3416 Catullus.
771 3378 850 3410 carin·
869 3362 927 3424 45..
949 3380 975 3413 v.
993 3377 1016 3427 4.

290 3444 365 3478 noris
382 3426 509 3478 Sebmum
528 3446 636 3497 pignore
656 3440 713 3479 esse·
730 3427 918 3483 contendunt„

161 3532 164 3539 ·
210 3514 216 3525 ·
271 3494 350 3565 Hae
371 3499 443 3567 opio]
478 3495 509 3548 ld
529 3505 582 3562 est,
599 3495 650 3548 boc
671 3495 803 3551 scribendi
820 3509 910 3567 genui.
938 3568 939 3572 Ἰ
969 3554 972 3561 ,

273 3632 276 3641 ι
