2572 4020
340 236 343 253 ¹
399 200 557 273 DISPVT.
579 211 604 272 Ι.
909 233 953 272 vu

54 374 228 458 compositis
247 374 309 458 ipse
330 375 463 437 indicat:
488 377 514 454 e)
535 373 590 435 ubi
610 373 722 438 ietcmr
743 395 794 451 se,
817 372 953 458 quamvis

56 460 212 541 insigniter
234 459 264 519 in
285 472 349 519 nrtc
378 461 483 525 suune
505 460 689 532 exercuerit,
724 457 874 520 fastidiose
907 469 953 517 ta-

54 563 125 603 men
147 541 179 602 in
193 542 344 603 Musarum
365 550 486 602 coctum
508 539 610 621 recipi.
642 541 785 603 Pretereb
806 538 952 614 fabulum,
1029 568 1032 575 ¹

54 645 147 706 quam
168 624 239 684 lecit
260 624 298 685 de
319 622 410 683 Ilnnis
422 625 457 706 j)
488 623 601 704 Regem
621 623 810 704 petentibun,
846 624 877 682 in
898 623 953 684 Ti-

55 706 174 769 berium
194 719 226 766 et
246 703 414 786 Caligulam
434 703 586 786 plerique,
615 725 672 768 nec
693 719 823 780 temere,
856 705 954 764 inter-

55 801 231 871 pretentur,
259 786 406 869 illumque
427 787 510 868 parvi
532 785 657 868 Tigilli,
679 786 760 848 hnnc
781 786 874 866 Hydri
896 809 953 848 uo·

51 871 137 932 mine
158 869 345 952 intelligunt:
382 882 413 930 et
447 866 505 929 hoc
539 869 717 944 Suetonius,
751 871 852 949 Galig.
873 890 900 930 c.
926 891 953 929 2.

55 952 260 1035 quadantenus
280 951 401 1025 asserit,
432 950 505 1011 dum
537 950 694 1012 Tiberium
713 950 850 1026 exhibet,
881 953 952 1034 qui,

54 1055 258 1098 successorem
281 1033 431 1105 indicans,
465 1032 625 1106 natricem,
652 1033 735 1117 quod
754 1047 798 1095 eet
810 1038 954 1114 serpentis

55 1138 167 1199 genua,
201 1115 315 1198 Populo
337 1117 476 1177 Romano
507 1113 633 1177 educare
653 1138 685 1176 se
705 1116 861 1177 dictitaret.
916 1116 954 1176 lt

56 1197 199 1275 Phaetlrun
228 1200 363 1259 animum
384 1199 491 1279 possim
513 1199 622 1275 probet
651 1199 709 1260 sibi
739 1197 830 1259 fuitne
859 1199 952 1278 magis

17 1314 20 1321 ·
57 1281 196 1343 beneficii
229 1301 430 1355 memorem„
448 1279 541 1362 quim
573 1293 608 1341 ut
634 1280 824 1361 Principem,
855 1279 954 1359 bqno

57 1365 218 1445 accepisset
246 1362 293 1438 id,
338 1362 419 1445 quod
450 1361 610 1442 putabatur
638 1384 793 1424 nummum
824 1363 954 1436 bonum,

57 1461 120 1506 tam
143 1448 252 1507 acerbo
273 1459 450 1526 contemptu
462 1443 670 1525 destringeret.
712 1445 851 1527 Denique
870 1443 956 1506 litem

59 1530 185 1588 &Divo
207 1529 351 1610 Augusto
372 1527 502 1588 decisam
523 1528 674 1588 referens:
708 1527 871 1597 Narrabo,
908 1526 956 1584 in-

55 1610 136 1693 quit,
165 1614 310 1670 memorio
330 1611 414 1690 quod
423 1611 549 1691 juetam
570 1622 616 1668 ent
643 1613 736 1670 meti:
766 1609 845 1670 undc
867 1607 957 1668 colli-

56 1714 128 1776 gere
148 1690 235 1768 licet,
257 1712 328 1754 cum
349 1692 440 1773 ipsius
461 1703 544 1750 etate
567 1691 738 1754 libertatem
764 1691 803 1752 ab
825 1691 954 1752 Octavio

58 1788 212 1855 acceptam
233 1775 394 1837 convenire
415 1771 575 1837 commode
597 1774 634 1853 ⁴⁵).

121 1855 241 1919 luridiae
261 1856 475 1939 calumniaeque
505 1854 535 1913 ri
563 1876 741 1936 oppressum
768 1876 817 1930 nc,
851 1851 953 1915 malis·

58 1958 117 2022 que
138 1939 323 2020 grnrimibun
343 1940 534 2011 immersum,
557 1958 633 2018 naepe
654 1938 857 2019 conqueritur.
891 1936 954 1996 td-

57 2023 165 2083 ductus
185 2021 276 2083 etiam
296 2022 328 2083 in
349 2016 469 2102 n'liquod
501 2019 568 2082 vitae
588 2017 756 2102 pericnlum
780 2019 862 2080 credi
883 2017 954 2078 binc

56 2105 169 2188 possit,
191 2101 274 2187 quud
295 2103 421 2187 supplex
441 2116 473 2165 et
492 2121 577 2178 reus,
600 2123 771 2186 quanquam
792 2103 953 2173 innocens,

57 2184 201 2269 imploret
221 2185 456 2249 misericordium
475 2185 510 2266 g)
541 2184 690 2261 hominis,
725 2185 811 2264 cujus
844 2204 955 2244 nonicn

56 2271 187 2348 reticet,
207 2290 300 2351 quem
319 2268 393 2331 verb
407 2269 496 2331 fuisse
518 2266 666 2344 judicem,
689 2269 759 2329 tatis
778 2267 881 2349 aperte
901 2265 955 2327 de·

58 2351 153 2414 clarit
173 2351 221 2422 bin
241 2351 357 2414 verbisz

55 2493 64 2500 .
102 2444 106 2450 ’
142 2435 302 2509 Decerne,
324 2433 404 2517 quod
425 2431 547 2514 religio,
569 2431 650 2515 quod
671 2432 782 2513 petitur
803 2429 885 2491 fider.

58 2514 101 2580 Et
116 2516 260 2580 nimirum
281 2529 325 2580 ent
341 2515 448 2598 religio
469 2515 666 2596 judiciorum,
686 2535 721 2575 ea
742 2513 815 2576 fides
835 2513 955 2590 jurisju-

57 2599 159 2677 rnndi,
173 2621 235 2684 qun
246 2621 277 2663 se
293 2597 422 2662 Romani
439 2597 552 2678 judices
567 2594 912 2685 tdnmngebent,liteni
922 2615 953 2656 se

105 2862 131 2928 o)
146 2860 250 2914 Ibidem
269 2878 297 2912 r.
317 2858 359 2913 23.

103 2929 135 2996 f)
151 2927 209 2980 Lib.
226 2929 248 2979 L
265 2927 319 2980 feb.
340 2941 365 2979 2.

108 2993 138 3074 ⁸¹)
154 2993 280 3047 Julius
295 2992 422 3046 Phaedrus
444 3003 555 3049 vocatur
581 2995 621 3057 in,
646 2996 849 3064 wineramus
869 3009 955 3064 nuper

10 3095 12 3100 -
60 3058 145 3112 edidit
161 3059 278 3115 Caeritus
303 3059 445 3128 (vinnon
476 3062 505 3113 in
521 3061 574 3113 line
591 3061 670 3128 buius
690 3064 878 3133 prelationin);
909 3061 955 3130 qui

59 3127 185 3179 Phaedrus
201 3128 268 3180 nlius
280 3127 332 3179 hoc
350 3127 449 3178 Nostro
466 3128 549 3183 fuine
572 3129 641 3181 mihi
661 3148 716 3186 non
738 3132 862 3189 videtur,
891 3145 954 3181 curn

61 3193 133 3245 idem
150 3193 185 3245 nit
197 3194 333 3266 utriusque
346 3193 499 3312 ἰρὲξιιίιιω,
515 3196 590 3248 idem
607 3195 693 3250 nilus.
726 3199 860 3251 Habemus
874 3195 955 3261 igitur

60 3261 446 3388 ppzppgtppppi’mffionet
457 3329 522 3384 Joh.
540 3331 629 3384 Ninnl.
649 3331 780 3385 Funcctut
799 3333 829 3383 in
851 3329 955 3400 Apulo·

59 3394 104 3466 giu
122 3411 171 3465 prc
187 3392 315 3458 Phaedrc,
337 3393 408 3466 Lips.
431 3412 504 3463 1747.
526 3417 571 3470 pp.
591 3415 632 3467 14.
648 3415 742 3519 seqq·F
768 3465 801 3519 E
820 3464 853 3518 Β.

105 3529 138 3599 g)
154 3525 213 3581 Lib.
235 3526 283 3580 lv.
300 3526 368 3600 Epil.
386 3547 414 3585 v.
432 3546 473 3586 ιο,

408 3272 436 3314 ut
461 3262 608 3322 Christian,
635 3264 747 3343 impune
777 3277 865 3317 tumen
887 3262 955 3312 illud
