<?xml version="1.0" encoding="UTF-8"?>
<!DOCTYPE html PUBLIC "-//W3C//DTD XHTML 1.0 Transitional//EN"
    "http://www.w3.org/TR/xhtml1/DTD/xhtml1-transitional.dtd">
<html xmlns="http://www.w3.org/1999/xhtml" xml:lang="en" lang="en">
 <head>
  <title>
</title>
<meta http-equiv="Content-Type" content="text/html;charset=utf-8" />
  <meta name='ocr-system' content='tesseract 3.04.00' />
  <meta name='ocr-capabilities' content='ocr_page ocr_carea ocr_par ocr_line ocrx_word'/>
</head>
<body>
  <div class='ocr_page' id='page_1' title='image "./fabvlarvmaesopi00phaegoog_0015.png"; bbox 0 0 2572 4020; ppageno 0'>
   <div class='ocr_carea' id='block_1_1' title="bbox 16 203 747 293">
    <p class='ocr_par' dir='ltr' id='par_1_1' title="bbox 16 203 747 293">
     <span class='ocr_line' id='line_1_1' title="bbox 16 203 747 293; baseline -0.014 -5"><span class='ocrx_word' id='word_1_1' title='bbox 16 256 20 293; x_wconf 89' lang='lat'>:</span> <span class='ocrx_word' id='word_1_2' title='bbox 180 247 237 288; x_wconf 79' lang='lat' dir='ltr'>vnn</span> <span class='ocrx_word' id='word_1_3' title='bbox 436 218 438 235; x_wconf 60' lang='lat'>¹</span> <span class='ocrx_word' id='word_1_4' title='bbox 484 203 488 236; x_wconf 38' lang='grc' dir='ltr'>ἱ</span> <span class='ocrx_word' id='word_1_5' title='bbox 510 213 747 283; x_wconf 77' lang='lat' dir='ltr'><strong>PRAEFATIO.</strong></span> 
     </span>
    </p>
   </div>
   <div class='ocr_carea' id='block_1_2' title="bbox 144 381 1081 551">
    <p class='ocr_par' dir='ltr' id='par_1_2' title="bbox 144 381 1081 551">
     <span class='ocr_line' id='line_1_2' title="bbox 144 381 1081 479; baseline -0.001 -35"><span class='ocrx_word' id='word_1_6' title='bbox 144 440 145 444; x_wconf 75' lang='grc'>,</span> <span class='ocrx_word' id='word_1_7' title='bbox 177 409 217 450; x_wconf 82' lang='lat' dir='ltr'>ex</span> <span class='ocrx_word' id='word_1_8' title='bbox 236 406 321 470; x_wconf 84' lang='lat' dir='ltr'>aequo</span> <span class='ocrx_word' id='word_1_9' title='bbox 342 398 374 448; x_wconf 88' lang='lat' dir='ltr'>et</span> <span class='ocrx_word' id='word_1_10' title='bbox 406 386 487 448; x_wconf 87' lang='lat' dir='ltr'>bono</span> <span class='ocrx_word' id='word_1_11' title='bbox 508 384 746 467; x_wconf 79' lang='lat' dir='ltr'>prescriptisque</span> <span class='ocrx_word' id='word_1_12' title='bbox 775 381 880 479; x_wconf 82' lang='lat' dir='ltr'>legum</span> <span class='ocrx_word' id='word_1_13' title='bbox 900 381 1081 445; x_wconf 78' lang='lat' dir='ltr'>decidendas</span> 
     </span>
     <span class='ocr_line' id='line_1_3' title="bbox 180 463 1077 551; baseline -0.002 -21"><span class='ocrx_word' id='word_1_14' title='bbox 180 472 259 531; x_wconf 82' lang='lat' dir='ltr'>sore.</span> <span class='ocrx_word' id='word_1_15' title='bbox 292 470 397 551; x_wconf 86' lang='lat' dir='ltr'>Neque</span> <span class='ocrx_word' id='word_1_16' title='bbox 418 469 547 532; x_wconf 77' lang='lat' dir='ltr'>absimili</span> <span class='ocrx_word' id='word_1_17' title='bbox 567 469 682 531; x_wconf 79' lang='lat' dir='ltr'>satione</span> <span class='ocrx_word' id='word_1_18' title='bbox 695 463 888 550; x_wconf 74' lang='lat' dir='ltr'>intelligenda</span> <span class='ocrx_word' id='word_1_19' title='bbox 908 479 978 529; x_wconf 90' lang='lat' dir='ltr'>sunt</span> <span class='ocrx_word' id='word_1_20' title='bbox 997 466 1077 544; x_wconf 76' lang='lat' dir='ltr'>lisso,</span> 
     </span>
    </p>
   </div>
   <div class='ocr_carea' id='block_1_3' title="bbox 76 551 624 636">
    <p class='ocr_par' dir='ltr' id='par_1_3' title="bbox 76 551 624 636">
     <span class='ocr_line' id='line_1_4' title="bbox 76 551 624 636; baseline -0.009 -21"><span class='ocrx_word' id='word_1_21' title='bbox 76 572 83 593; x_wconf 67' lang='lat'>¹·</span> <span class='ocrx_word' id='word_1_22' title='bbox 180 573 245 636; x_wconf 84' lang='lat' dir='ltr'>quae</span> <span class='ocrx_word' id='word_1_23' title='bbox 267 551 404 632; x_wconf 75' lang='lat' dir='ltr'>proxime</span> <span class='ocrx_word' id='word_1_24' title='bbox 424 552 624 614; x_wconf 77' lang='lat' dir='ltr'>antecedunt:</span> 
     </span>
    </p>
   </div>
   <div class='ocr_carea' id='block_1_4' title="bbox 106 630 1110 1378">
    <p class='ocr_par' dir='ltr' id='par_1_4' title="bbox 261 630 977 716">
     <span class='ocr_line' id='line_1_5' title="bbox 261 630 977 716; baseline -0.001 -21"><span class='ocrx_word' id='word_1_25' title='bbox 261 636 335 696; x_wconf 80' lang='lat' dir='ltr'>Tunc</span> <span class='ocrx_word' id='word_1_26' title='bbox 355 647 425 696; x_wconf 88' lang='lat' dir='ltr'>sunt</span> <span class='ocrx_word' id='word_1_27' title='bbox 444 649 562 716; x_wconf 70' lang='lat' dir='ltr'>partes,</span> <span class='ocrx_word' id='word_1_28' title='bbox 585 636 709 696; x_wconf 84' lang='lat' dir='ltr'>fuerunt</span> <span class='ocrx_word' id='word_1_29' title='bbox 729 630 860 694; x_wconf 82' lang='lat' dir='ltr'>aliorum</span> <span class='ocrx_word' id='word_1_30' title='bbox 879 630 977 713; x_wconf 78' lang='lat' dir='ltr'>priius3</span> 
     </span>
    </p>

    <p class='ocr_par' dir='ltr' id='par_1_5' title="bbox 106 713 1110 1378">
     <span class='ocr_line' id='line_1_6' title="bbox 261 713 950 801; baseline -0.006 -23"><span class='ocrx_word' id='word_1_31' title='bbox 261 717 343 780; x_wconf 89' lang='lat' dir='ltr'>Dein</span> <span class='ocrx_word' id='word_1_32' title='bbox 361 715 452 779; x_wconf 91' lang='lat' dir='ltr'>simili</span> <span class='ocrx_word' id='word_1_33' title='bbox 473 738 549 801; x_wconf 83' lang='lat' dir='ltr'>gyro</span> <span class='ocrx_word' id='word_1_34' title='bbox 571 717 691 781; x_wconf 86' lang='lat' dir='ltr'>venient</span> <span class='ocrx_word' id='word_1_35' title='bbox 710 713 840 777; x_wconf 83' lang='lat' dir='ltr'>eliorum</span> <span class='ocrx_word' id='word_1_36' title='bbox 852 715 950 777; x_wconf 73' lang='lat' dir='ltr'>uices.</span> 
     </span>
     <span class='ocr_line' id='line_1_7' title="bbox 180 794 1081 882; baseline -0.004 -22"><span class='ocrx_word' id='word_1_37' title='bbox 180 799 219 860; x_wconf 88' lang='lat' dir='ltr'>Iu</span> <span class='ocrx_word' id='word_1_38' title='bbox 239 797 369 863; x_wconf 79' lang='lat' dir='ltr'>editione</span> <span class='ocrx_word' id='word_1_39' title='bbox 393 799 515 882; x_wconf 87' lang='lat' dir='ltr'>quidem</span> <span class='ocrx_word' id='word_1_40' title='bbox 535 799 657 861; x_wconf 74' lang='lat' dir='ltr'>Doridis</span> <span class='ocrx_word' id='word_1_41' title='bbox 678 798 912 880; x_wconf 84' lang='lat' dir='ltr'>Hoogstrateni,</span> <span class='ocrx_word' id='word_1_42' title='bbox 946 794 1081 877; x_wconf 91' lang='lat' dir='ltr'>splendi-</span> 
     </span>
     <span class='ocr_line' id='line_1_8' title="bbox 179 877 1081 966; baseline -0.006 -23"><span class='ocrx_word' id='word_1_43' title='bbox 179 882 219 943; x_wconf 81' lang='lat' dir='ltr'>dt</span> <span class='ocrx_word' id='word_1_44' title='bbox 232 881 344 962; x_wconf 82' lang='lat' dir='ltr'>oppido</span> <span class='ocrx_word' id='word_1_45' title='bbox 356 895 387 944; x_wconf 91' lang='lat' dir='ltr'>et</span> <span class='ocrx_word' id='word_1_46' title='bbox 400 884 569 966; x_wconf 68' lang='lat' dir='ltr'>magnifice,</span> <span class='ocrx_word' id='word_1_47' title='bbox 582 885 617 964; x_wconf 83' lang='grc' dir='ltr'>Ιι)</span> <span class='ocrx_word' id='word_1_48' title='bbox 637 882 670 944; x_wconf 89' lang='lat' dir='ltr'>hi</span> <span class='ocrx_word' id='word_1_49' title='bbox 690 903 793 944; x_wconf 85' lang='lat' dir='ltr'>versus</span> <span class='ocrx_word' id='word_1_50' title='bbox 812 882 855 944; x_wconf 89' lang='lat' dir='ltr'>sie</span> <span class='ocrx_word' id='word_1_51' title='bbox 873 877 1081 962; x_wconf 80' lang='lat' dir='ltr'>explicantur:</span> 
     </span>
     <span class='ocr_line' id='line_1_9' title="bbox 182 965 1080 1042; baseline -0.009 -16"><span class='ocrx_word' id='word_1_52' title='bbox 182 968 228 1026; x_wconf 78' lang='lat' dir='ltr'>Te</span> <span class='ocrx_word' id='word_1_53' title='bbox 246 965 332 1024; x_wconf 80' lang='lat' dir='ltr'>decet</span> <span class='ocrx_word' id='word_1_54' title='bbox 360 987 443 1025; x_wconf 85' lang='lat' dir='ltr'>exem</span> <span class='ocrx_word' id='word_1_55' title='bbox 466 967 531 1026; x_wconf 82' lang='lat' dir='ltr'>lum</span> <span class='ocrx_word' id='word_1_56' title='bbox 553 968 626 1026; x_wconf 85' lang='lat' dir='ltr'>dare</span> <span class='ocrx_word' id='word_1_57' title='bbox 652 969 727 1028; x_wconf 81' lang='lat' dir='ltr'>aliis</span> <span class='ocrx_word' id='word_1_58' title='bbox 749 966 821 1024; x_wconf 81' lang='lat' dir='ltr'>bene</span> <span class='ocrx_word' id='word_1_59' title='bbox 850 965 888 1023; x_wconf 82' lang='lat' dir='ltr'>de</span> <span class='ocrx_word' id='word_1_60' title='bbox 908 984 994 1042; x_wconf 85' lang='lat' dir='ltr'>opere</span> <span class='ocrx_word' id='word_1_61' title='bbox 1015 983 1080 1020; x_wconf 85' lang='lat' dir='ltr'>meo</span> 
     </span>
     <span class='ocr_line' id='line_1_10' title="bbox 106 1045 1080 1132; baseline -0.002 -26"><span class='ocrx_word' id='word_1_62' title='bbox 106 1091 108 1101; x_wconf 37' lang='lat' dir='ltr'>t</span> <span class='ocrx_word' id='word_1_63' title='bbox 173 1047 353 1128; x_wconf 78' lang='lat' dir='ltr'>judicandi.</span> <span class='ocrx_word' id='word_1_64' title='bbox 395 1048 433 1109; x_wconf 89' lang='lat' dir='ltr'>Se</span> <span class='ocrx_word' id='word_1_65' title='bbox 478 1049 757 1132; x_wconf 76' lang='lat' dir='ltr'>interpretationem</span> <span class='ocrx_word' id='word_1_66' title='bbox 784 1048 870 1108; x_wconf 82' lang='lat' dir='ltr'>istem</span> <span class='ocrx_word' id='word_1_67' title='bbox 893 1066 982 1121; x_wconf 80' lang='lat' dir='ltr'>care,</span> <span class='ocrx_word' id='word_1_68' title='bbox 1017 1045 1080 1104; x_wconf 85' lang='lat' dir='ltr'>Le-</span> 
     </span>
     <span class='ocr_line' id='line_1_11' title="bbox 181 1124 1080 1212; baseline -0.006 -20"><span class='ocrx_word' id='word_1_69' title='bbox 181 1142 264 1205; x_wconf 86' lang='lat' dir='ltr'>ctor,</span> <span class='ocrx_word' id='word_1_70' title='bbox 285 1151 324 1192; x_wconf 90' lang='lat' dir='ltr'>ne</span> <span class='ocrx_word' id='word_1_71' title='bbox 344 1129 487 1212; x_wconf 89' lang='lat' dir='ltr'>ponderis</span> <span class='ocrx_word' id='word_1_72' title='bbox 507 1153 570 1194; x_wconf 88' lang='lat' dir='ltr'>esse</span> <span class='ocrx_word' id='word_1_73' title='bbox 591 1131 715 1212; x_wconf 81' lang='lat' dir='ltr'>alicujus</span> <span class='ocrx_word' id='word_1_74' title='bbox 739 1129 897 1192; x_wconf 79' lang='lat' dir='ltr'>existimes.</span> <span class='ocrx_word' id='word_1_75' title='bbox 939 1128 1008 1188; x_wconf 87' lang='lat' dir='ltr'>Non</span> <span class='ocrx_word' id='word_1_76' title='bbox 1030 1124 1080 1187; x_wconf 85' lang='lat' dir='ltr'>hic</span> 
     </span>
     <span class='ocr_line' id='line_1_12' title="bbox 179 1207 1110 1294; baseline -0.002 -24"><span class='ocrx_word' id='word_1_77' title='bbox 179 1211 278 1292; x_wconf 84' lang='lat' dir='ltr'>ngitnr</span> <span class='ocrx_word' id='word_1_78' title='bbox 296 1213 335 1275; x_wconf 92' lang='lat' dir='ltr'>de</span> <span class='ocrx_word' id='word_1_79' title='bbox 356 1213 489 1292; x_wconf 81' lang='lat' dir='ltr'>fabellis,</span> <span class='ocrx_word' id='word_1_80' title='bbox 515 1229 546 1274; x_wconf 80' lang='lat' dir='ltr'>et</span> <span class='ocrx_word' id='word_1_81' title='bbox 566 1213 604 1276; x_wconf 90' lang='lat' dir='ltr'>de</span> <span class='ocrx_word' id='word_1_82' title='bbox 626 1213 755 1274; x_wconf 82' lang='lat' dir='ltr'>fortunis</span> <span class='ocrx_word' id='word_1_83' title='bbox 788 1212 909 1294; x_wconf 67' lang='lat' dir='ltr'>viteque</span> <span class='ocrx_word' id='word_1_84' title='bbox 939 1207 1078 1285; x_wconf 79' lang='lat' dir='ltr'>Phaedri3</span> <span class='ocrx_word' id='word_1_85' title='bbox 1108 1214 1110 1219; x_wconf 81' lang='grc'>’</span> 
     </span>
     <span class='ocr_line' id='line_1_13' title="bbox 180 1290 1081 1378; baseline -0.007 -22"><span class='ocrx_word' id='word_1_86' title='bbox 180 1316 342 1378; x_wconf 83' lang='lat' dir='ltr'>sensusque</span> <span class='ocrx_word' id='word_1_87' title='bbox 363 1296 452 1377; x_wconf 81' lang='lat' dir='ltr'>hujus</span> <span class='ocrx_word' id='word_1_88' title='bbox 472 1295 533 1357; x_wconf 90' lang='lat' dir='ltr'>loci</span> <span class='ocrx_word' id='word_1_89' title='bbox 563 1296 630 1357; x_wconf 84' lang='lat' dir='ltr'>talis</span> <span class='ocrx_word' id='word_1_90' title='bbox 650 1308 713 1356; x_wconf 91' lang='lat' dir='ltr'>est:</span> <span class='ocrx_word' id='word_1_91' title='bbox 747 1294 820 1352; x_wconf 77' lang='lat' dir='ltr'>Toae</span> <span class='ocrx_word' id='word_1_92' title='bbox 840 1305 909 1354; x_wconf 90' lang='lat' dir='ltr'>sunt</span> <span class='ocrx_word' id='word_1_93' title='bbox 929 1305 1028 1372; x_wconf 89' lang='lat' dir='ltr'>partes</span> <span class='ocrx_word' id='word_1_94' title='bbox 1048 1290 1081 1350; x_wconf 89' lang='lat' dir='ltr'>in</span> 
     </span>
    </p>
   </div>
   <div class='ocr_carea' id='block_1_5' title="bbox 19 1369 1081 1459">
    <p class='ocr_par' dir='ltr' id='par_1_6' title="bbox 19 1369 1081 1459">
     <span class='ocr_line' id='line_1_14' title="bbox 19 1369 1081 1459; baseline -0.003 -22"><span class='ocrx_word' id='word_1_95' title='bbox 19 1420 22 1429; x_wconf 81' lang='lat'>·</span> <span class='ocrx_word' id='word_1_96' title='bbox 121 1419 125 1426; x_wconf 85' lang='lat'>.</span> <span class='ocrx_word' id='word_1_97' title='bbox 181 1379 249 1438; x_wconf 78' lang='lat' dir='ltr'>med</span> <span class='ocrx_word' id='word_1_98' title='bbox 270 1370 360 1440; x_wconf 73' lang='lat' dir='ltr'>ceusd</span> <span class='ocrx_word' id='word_1_99' title='bbox 378 1378 549 1459; x_wconf 81' lang='lat' dir='ltr'>judicandi:</span> <span class='ocrx_word' id='word_1_100' title='bbox 575 1369 625 1436; x_wconf 79' lang='lat' dir='ltr'>alii</span> <span class='ocrx_word' id='word_1_101' title='bbox 644 1378 705 1454; x_wconf 78' lang='lat' dir='ltr'>jam</span> <span class='ocrx_word' id='word_1_102' title='bbox 725 1389 813 1444; x_wconf 81' lang='lat' dir='ltr'>antea</span> <span class='ocrx_word' id='word_1_103' title='bbox 833 1375 951 1434; x_wconf 91' lang='lat' dir='ltr'>Iudices</span> <span class='ocrx_word' id='word_1_104' title='bbox 971 1395 1081 1434; x_wconf 90' lang='lat' dir='ltr'>munus</span> 
     </span>
    </p>
   </div>
   <div class='ocr_carea' id='block_1_6' title="bbox 181 1455 1078 1541">
    <p class='ocr_par' dir='ltr' id='par_1_7' title="bbox 181 1455 1078 1541">
     <span class='ocr_line' id='line_1_15' title="bbox 181 1455 1078 1541; baseline -0.007 -21"><span class='ocrx_word' id='word_1_105' title='bbox 181 1480 270 1534; x_wconf 89' lang='lat' dir='ltr'>suum</span> <span class='ocrx_word' id='word_1_106' title='bbox 283 1462 436 1541; x_wconf 74' lang='lat' dir='ltr'>(annuum</span> <span class='ocrx_word' id='word_1_107' title='bbox 466 1458 616 1538; x_wconf 83' lang='lat' dir='ltr'>videlieet)</span> <span class='ocrx_word' id='word_1_108' title='bbox 638 1457 802 1536; x_wconf 58' lang='lat' dir='ltr'>injudicata</span> <span class='ocrx_word' id='word_1_109' title='bbox 835 1477 869 1515; x_wconf 89' lang='lat' dir='ltr'>re</span> <span class='ocrx_word' id='word_1_110' title='bbox 899 1455 1078 1529; x_wconf 80' lang='lat' dir='ltr'>obiverunt3</span> 
     </span>
    </p>
   </div>
   <div class='ocr_carea' id='block_1_7' title="bbox 182 1536 1080 1637">
    <p class='ocr_par' dir='ltr' id='par_1_8' title="bbox 182 1536 1080 1637">
     <span class='ocr_line' id='line_1_16' title="bbox 182 1536 1080 1637; baseline -0.009 -35"><span class='ocrx_word' id='word_1_111' title='bbox 182 1542 292 1624; x_wconf 77' lang='lat' dir='ltr'>aliique</span> <span class='ocrx_word' id='word_1_112' title='bbox 313 1539 412 1637; x_wconf 43' lang='lat' dir='ltr'>porro·</span> <span class='ocrx_word' id='word_1_113' title='bbox 436 1541 521 1622; x_wconf 78' lang='lat' dir='ltr'>quasi</span> <span class='ocrx_word' id='word_1_114' title='bbox 548 1539 710 1622; x_wconf 75' lang='lat' dir='ltr'>ingyrum</span> <span class='ocrx_word' id='word_1_115' title='bbox 744 1537 785 1618; x_wconf 87' lang='lat' dir='ltr'>(id</span> <span class='ocrx_word' id='word_1_116' title='bbox 811 1536 894 1619; x_wconf 93' lang='lat' dir='ltr'>quod</span> <span class='ocrx_word' id='word_1_117' title='bbox 922 1536 1080 1617; x_wconf 86' lang='lat' dir='ltr'>deprecor)</span> 
     </span>
    </p>
   </div>
   <div class='ocr_carea' id='block_1_8' title="bbox 75 1619 1080 1702">
    <p class='ocr_par' dir='ltr' id='par_1_9' title="bbox 75 1619 1080 1702">
     <span class='ocr_line' id='line_1_17' title="bbox 75 1619 1080 1702; baseline -0.008 -17"><span class='ocrx_word' id='word_1_118' title='bbox 75 1661 77 1664; x_wconf 57' lang='lat'>&lt;</span> <span class='ocrx_word' id='word_1_119' title='bbox 182 1625 358 1697; x_wconf 86' lang='lat' dir='ltr'>succedent,</span> <span class='ocrx_word' id='word_1_120' title='bbox 382 1622 438 1697; x_wconf 69' lang='lat' dir='ltr'>nisi</span> <span class='ocrx_word' id='word_1_121' title='bbox 459 1643 547 1684; x_wconf 88' lang='lat' dir='ltr'>reum</span> <span class='ocrx_word' id='word_1_122' title='bbox 568 1644 618 1684; x_wconf 92' lang='lat' dir='ltr'>me</span> <span class='ocrx_word' id='word_1_123' title='bbox 638 1621 753 1684; x_wconf 79' lang='lat' dir='ltr'>absolvi</span> <span class='ocrx_word' id='word_1_124' title='bbox 773 1640 809 1683; x_wconf 81' lang='lat' dir='ltr'>ee</span> <span class='ocrx_word' id='word_1_125' title='bbox 820 1619 931 1681; x_wconf 79' lang='lat' dir='ltr'>dimitti</span> <span class='ocrx_word' id='word_1_126' title='bbox 951 1640 1008 1702; x_wconf 91' lang='lat' dir='ltr'>pro</span> <span class='ocrx_word' id='word_1_127' title='bbox 1029 1621 1080 1679; x_wconf 75' lang='lat' dir='ltr'>tud</span> 
     </span>
    </p>
   </div>
   <div class='ocr_carea' id='block_1_9' title="bbox 119 1703 1085 3615">
    <p class='ocr_par' dir='ltr' id='par_1_10' title="bbox 182 1703 746 1789">
     <span class='ocr_line' id='line_1_18' title="bbox 182 1703 746 1789; baseline -0.002 -23"><span class='ocrx_word' id='word_1_128' title='bbox 182 1704 388 1766; x_wconf 74' lang='lat' dir='ltr'>misericordis</span> <span class='ocrx_word' id='word_1_129' title='bbox 407 1703 567 1789; x_wconf 82' lang='lat' dir='ltr'>diligenter</span> <span class='ocrx_word' id='word_1_130' title='bbox 588 1707 746 1769; x_wconf 82' lang='lat' dir='ltr'>curaveris.</span> 
     </span>
    </p>

    <p class='ocr_par' dir='ltr' id='par_1_11' title="bbox 119 1780 1084 2696">
     <span class='ocr_line' id='line_1_19' title="bbox 245 1780 1081 1873; baseline -0.006 -26"><span class='ocrx_word' id='word_1_131' title='bbox 245 1787 327 1849; x_wconf 86' lang='lat' dir='ltr'>Reus</span> <span class='ocrx_word' id='word_1_132' title='bbox 355 1786 456 1870; x_wconf 75' lang='lat' dir='ltr'>itaque</span> <span class='ocrx_word' id='word_1_133' title='bbox 477 1788 619 1850; x_wconf 64' lang='lat' dir='ltr'>Phaedrus</span> <span class='ocrx_word' id='word_1_134' title='bbox 643 1787 691 1852; x_wconf 74' lang='grc' dir='ltr'>.αᾶ</span> <span class='ocrx_word' id='word_1_135' title='bbox 716 1787 797 1873; x_wconf 78' lang='lat' dir='ltr'>yaria</span> <span class='ocrx_word' id='word_1_136' title='bbox 827 1786 885 1847; x_wconf 84' lang='lat' dir='ltr'>fuit</span> <span class='ocrx_word' id='word_1_137' title='bbox 920 1780 1081 1847; x_wconf 85' lang='lat' dir='ltr'>tribunalia</span> 
     </span>
     <span class='ocr_line' id='line_1_20' title="bbox 183 1867 1081 1953; baseline -0.003 -24"><span class='ocrx_word' id='word_1_138' title='bbox 183 1867 347 1932; x_wconf 81' lang='lat' dir='ltr'>traductus.</span> <span class='ocrx_word' id='word_1_139' title='bbox 391 1876 437 1932; x_wconf 87' lang='lat' dir='ltr'>Ae</span> <span class='ocrx_word' id='word_1_140' title='bbox 458 1872 589 1952; x_wconf 78' lang='lat' dir='ltr'>primirm</span> <span class='ocrx_word' id='word_1_141' title='bbox 613 1869 734 1953; x_wconf 90' lang='lat' dir='ltr'>quidem</span> <span class='ocrx_word' id='word_1_142' title='bbox 755 1871 896 1949; x_wconf 87' lang='lat' dir='ltr'>Sejanum</span> <span class='ocrx_word' id='word_1_143' title='bbox 912 1869 935 1949; x_wconf 83' lang='grc' dir='ltr'>ι’)</span> <span class='ocrx_word' id='word_1_144' title='bbox 957 1887 1081 1930; x_wconf 80' lang='lat' dir='ltr'>accuse-</span> 
     </span>
     <span class='ocr_line' id='line_1_21' title="bbox 184 1952 1082 2036; baseline -0.004 -23"><span class='ocrx_word' id='word_1_145' title='bbox 184 1965 304 2030; x_wconf 90' lang='lat' dir='ltr'>torem,</span> <span class='ocrx_word' id='word_1_146' title='bbox 336 1953 484 2036; x_wconf 87' lang='lat' dir='ltr'>simulque</span> <span class='ocrx_word' id='word_1_147' title='bbox 505 1969 612 2016; x_wconf 87' lang='lat' dir='ltr'>testem</span> <span class='ocrx_word' id='word_1_148' title='bbox 632 1974 668 2014; x_wconf 83' lang='lat' dir='ltr'>ec</span> <span class='ocrx_word' id='word_1_149' title='bbox 688 1954 818 2032; x_wconf 85' lang='lat' dir='ltr'>judicem</span> <span class='ocrx_word' id='word_1_150' title='bbox 839 1953 953 2013; x_wconf 86' lang='lat' dir='ltr'>hebuit.</span> <span class='ocrx_word' id='word_1_151' title='bbox 996 1952 1082 2010; x_wconf 88' lang='lat' dir='ltr'>Post-</span> 
     </span>
     <span class='ocr_line' id='line_1_22' title="bbox 184 2031 1083 2111; baseline -0.008 -15"><span class='ocrx_word' id='word_1_152' title='bbox 184 2035 311 2097; x_wconf 85' lang='lat' dir='ltr'>modirm</span> <span class='ocrx_word' id='word_1_153' title='bbox 331 2036 391 2100; x_wconf 79' lang='lat' dir='ltr'>lloc</span> <span class='ocrx_word' id='word_1_154' title='bbox 403 2036 572 2098; x_wconf 82' lang='lat' dir='ltr'>deturbato</span> <span class='ocrx_word' id='word_1_155' title='bbox 593 2035 631 2098; x_wconf 88' lang='lat' dir='ltr'>ab</span> <span class='ocrx_word' id='word_1_156' title='bbox 652 2037 791 2098; x_wconf 88' lang='lat' dir='ltr'>omnibus</span> <span class='ocrx_word' id='word_1_157' title='bbox 812 2035 940 2096; x_wconf 85' lang='lat' dir='ltr'>fortunis</span> <span class='ocrx_word' id='word_1_158' title='bbox 952 2051 965 2111; x_wconf 85' lang='lat'>‚&#39;</span> <span class='ocrx_word' id='word_1_159' title='bbox 983 2031 1083 2095; x_wconf 83' lang='lat' dir='ltr'>extin-</span> 
     </span>
     <span class='ocr_line' id='line_1_23' title="bbox 185 2112 1082 2203; baseline -0.007 -25"><span class='ocrx_word' id='word_1_160' title='bbox 185 2130 312 2203; x_wconf 89' lang='lat' dir='ltr'>ctoque,</span> <span class='ocrx_word' id='word_1_161' title='bbox 347 2141 409 2181; x_wconf 91' lang='lat' dir='ltr'>non</span> <span class='ocrx_word' id='word_1_162' title='bbox 430 2119 543 2196; x_wconf 83' lang='lat' dir='ltr'>idcirco</span> <span class='ocrx_word' id='word_1_163' title='bbox 564 2132 665 2180; x_wconf 76' lang='lat' dir='ltr'>tamen</span> <span class='ocrx_word' id='word_1_164' title='bbox 691 2120 796 2181; x_wconf 88' lang='lat' dir='ltr'>missus</span> <span class='ocrx_word' id='word_1_165' title='bbox 818 2117 869 2180; x_wconf 91' lang='lat' dir='ltr'>ille</span> <span class='ocrx_word' id='word_1_166' title='bbox 889 2115 1002 2193; x_wconf 71' lang='lat' dir='ltr'>abivit,</span> <span class='ocrx_word' id='word_1_167' title='bbox 1030 2112 1082 2174; x_wconf 89' lang='lat' dir='ltr'>sed</span> 
     </span>
     <span class='ocr_line' id='line_1_24' title="bbox 148 2200 1083 2298; baseline -0.005 -38"><span class='ocrx_word' id='word_1_168' title='bbox 148 2268 151 2277; x_wconf 33' lang='lat'>¹</span> <span class='ocrx_word' id='word_1_169' title='bbox 185 2200 256 2278; x_wconf 84' lang='lat' dir='ltr'>alii,</span> <span class='ocrx_word' id='word_1_170' title='bbox 287 2203 348 2263; x_wconf 83' lang='lat' dir='ltr'>sive</span> <span class='ocrx_word' id='word_1_171' title='bbox 369 2202 471 2280; x_wconf 83' lang='lat' dir='ltr'>Sejani</span> <span class='ocrx_word' id='word_1_172' title='bbox 490 2202 604 2264; x_wconf 90' lang='lat' dir='ltr'>mortui</span> <span class='ocrx_word' id='word_1_173' title='bbox 625 2200 788 2298; x_wconf 71' lang='lat' dir='ltr'>qindictem</span> <span class='ocrx_word' id='word_1_174' title='bbox 807 2216 838 2263; x_wconf 91' lang='lat' dir='ltr'>et</span> <span class='ocrx_word' id='word_1_175' title='bbox 858 2201 988 2280; x_wconf 86' lang='lat' dir='ltr'>incoepta</span> <span class='ocrx_word' id='word_1_176' title='bbox 1009 2215 1083 2276; x_wconf 77' lang='lat' dir='ltr'>per-</span> 
     </span>
     <span class='ocr_line' id='line_1_25' title="bbox 185 2279 1083 2366; baseline -0.007 -22"><span class='ocrx_word' id='word_1_177' title='bbox 185 2286 353 2366; x_wconf 84' lang='lat' dir='ltr'>sequentes,</span> <span class='ocrx_word' id='word_1_178' title='bbox 375 2284 437 2346; x_wconf 88' lang='lat' dir='ltr'>sive</span> <span class='ocrx_word' id='word_1_179' title='bbox 457 2285 580 2366; x_wconf 61' lang='lat' dir='ltr'>proprii</span> <span class='ocrx_word' id='word_1_180' title='bbox 601 2284 752 2348; x_wconf 77' lang='lat' dir='ltr'>simultate</span> <span class='ocrx_word' id='word_1_181' title='bbox 772 2283 915 2356; x_wconf 78' lang='lat' dir='ltr'>instincti,</span> <span class='ocrx_word' id='word_1_182' title='bbox 936 2279 1083 2342; x_wconf 81' lang='lat' dir='ltr'>afflictare</span> 
     </span>
     <span class='ocr_line' id='line_1_26' title="bbox 186 2365 1084 2449; baseline -0.004 -24"><span class='ocrx_word' id='word_1_183' title='bbox 186 2365 284 2446; x_wconf 89' lang='lat' dir='ltr'>ipsum</span> <span class='ocrx_word' id='word_1_184' title='bbox 307 2367 514 2444; x_wconf 85' lang='lat' dir='ltr'>obstinarunt,</span> <span class='ocrx_word' id='word_1_185' title='bbox 536 2381 587 2429; x_wconf 82' lang='lat' dir='ltr'>out</span> <span class='ocrx_word' id='word_1_186' title='bbox 606 2369 733 2449; x_wconf 88' lang='lat' dir='ltr'>perdere</span> <span class='ocrx_word' id='word_1_187' title='bbox 745 2367 836 2429; x_wconf 83' lang='lat' dir='ltr'>etiam</span> <span class='ocrx_word' id='word_1_188' title='bbox 857 2376 1029 2426; x_wconf 78' lang='lat' dir='ltr'>tentarunt:</span> <span class='ocrx_word' id='word_1_189' title='bbox 1052 2374 1084 2423; x_wconf 90' lang='lat' dir='ltr'>et</span> 
     </span>
     <span class='ocr_line' id='line_1_27' title="bbox 119 2445 1082 2534; baseline -0.005 -26"><span class='ocrx_word' id='word_1_190' title='bbox 119 2477 120 2480; x_wconf 38' lang='lat'>¹</span> <span class='ocrx_word' id='word_1_191' title='bbox 185 2447 209 2508; x_wconf 91' lang='lat' dir='ltr'>ii</span> <span class='ocrx_word' id='word_1_192' title='bbox 228 2461 298 2509; x_wconf 90' lang='lat' dir='ltr'>sunt</span> <span class='ocrx_word' id='word_1_193' title='bbox 310 2445 329 2525; x_wconf 68' lang='lat'>,¹</span> <span class='ocrx_word' id='word_1_194' title='bbox 350 2456 455 2511; x_wconf 83' lang='lat' dir='ltr'>contra</span> <span class='ocrx_word' id='word_1_195' title='bbox 477 2471 553 2534; x_wconf 89' lang='lat' dir='ltr'>quos</span> <span class='ocrx_word' id='word_1_196' title='bbox 574 2450 643 2513; x_wconf 93' lang='lat' dir='ltr'>loco</span> <span class='ocrx_word' id='word_1_197' title='bbox 664 2460 942 2532; x_wconf 79' lang='lat' dir='ltr'>supramemorato</span> <span class='ocrx_word' id='word_1_198' title='bbox 963 2445 1082 2505; x_wconf 87' lang='lat' dir='ltr'>miseri·</span> 
     </span>
     <span class='ocr_line' id='line_1_28' title="bbox 186 2527 1083 2613; baseline -0.002 -23"><span class='ocrx_word' id='word_1_199' title='bbox 186 2529 322 2592; x_wconf 88' lang='lat' dir='ltr'>cordiam</span> <span class='ocrx_word' id='word_1_200' title='bbox 351 2532 494 2612; x_wconf 87' lang='lat' dir='ltr'>implorat</span> <span class='ocrx_word' id='word_1_201' title='bbox 525 2532 657 2612; x_wconf 78' lang='lat' dir='ltr'>ludicis3</span> <span class='ocrx_word' id='word_1_202' title='bbox 702 2554 738 2595; x_wconf 85' lang='lat' dir='ltr'>ac</span> <span class='ocrx_word' id='word_1_203' title='bbox 769 2528 932 2592; x_wconf 82' lang='lat' dir='ltr'>difficulter</span> <span class='ocrx_word' id='word_1_204' title='bbox 962 2527 1083 2613; x_wconf 88' lang='lat' dir='ltr'>quidem</span> 
     </span>
     <span class='ocr_line' id='line_1_29' title="bbox 185 2612 718 2696; baseline 0.004 -21"><span class='ocrx_word' id='word_1_205' title='bbox 185 2612 325 2696; x_wconf 84' lang='lat' dir='ltr'>spiritum</span> <span class='ocrx_word' id='word_1_206' title='bbox 346 2615 420 2676; x_wconf 91' lang='lat' dir='ltr'>dicit</span> <span class='ocrx_word' id='word_1_207' title='bbox 440 2617 470 2696; x_wconf 80' lang='lat' dir='ltr'>h)</span> <span class='ocrx_word' id='word_1_208' title='bbox 492 2617 648 2678; x_wconf 88' lang='lat' dir='ltr'>continere</span> <span class='ocrx_word' id='word_1_209' title='bbox 669 2635 718 2692; x_wconf 86' lang='lat' dir='ltr'>ss,</span> 
     </span>
    </p>

    <p class='ocr_par' dir='ltr' id='par_1_12' title="bbox 268 2696 913 2781">
     <span class='ocr_line' id='line_1_30' title="bbox 268 2696 913 2781; baseline -0.002 -23"><span class='ocrx_word' id='word_1_210' title='bbox 268 2697 452 2779; x_wconf 84' lang='lat' dir='ltr'>Integritatis</span> <span class='ocrx_word' id='word_1_211' title='bbox 472 2699 523 2781; x_wconf 90' lang='lat' dir='ltr'>qui</span> <span class='ocrx_word' id='word_1_212' title='bbox 544 2698 665 2765; x_wconf 78' lang='lat' dir='ltr'>sincere</span> <span class='ocrx_word' id='word_1_213' title='bbox 686 2697 824 2760; x_wconf 89' lang='lat' dir='ltr'>conscius</span> <span class='ocrx_word' id='word_1_214' title='bbox 842 2696 845 2709; x_wconf 85' lang='lat'>&#39;</span> <span class='ocrx_word' id='word_1_215' title='bbox 912 2766 913 2771; x_wconf 8' lang='grc' dir='ltr'>η</span> 
     </span>
    </p>

    <p class='ocr_par' dir='ltr' id='par_1_13' title="bbox 186 2772 1085 3200">
     <span class='ocr_line' id='line_1_31' title="bbox 269 2772 842 2863; baseline -0.007 -21"><span class='ocrx_word' id='word_1_216' title='bbox 269 2782 298 2842; x_wconf 91' lang='lat' dir='ltr'><strong>A</strong></span> <span class='ocrx_word' id='word_1_217' title='bbox 318 2781 480 2842; x_wconf 81' lang='lat' dir='ltr'>noxiorum</span> <span class='ocrx_word' id='word_1_218' title='bbox 502 2783 648 2863; x_wconf 88' lang='lat' dir='ltr'>premitur</span> <span class='ocrx_word' id='word_1_219' title='bbox 669 2772 842 2842; x_wconf 77' lang='lat' dir='ltr'>insolentiis.</span> 
     </span>
     <span class='ocr_line' id='line_1_32' title="bbox 186 2855 1084 2946; baseline -0.006 -23"><span class='ocrx_word' id='word_1_220' title='bbox 186 2859 245 2923; x_wconf 74' lang='lat' dir='ltr'>sed</span> <span class='ocrx_word' id='word_1_221' title='bbox 266 2863 421 2926; x_wconf 86' lang='lat' dir='ltr'>nominare</span> <span class='ocrx_word' id='word_1_222' title='bbox 442 2885 625 2946; x_wconf 82' lang='lat' dir='ltr'>quemquem</span> <span class='ocrx_word' id='word_1_223' title='bbox 654 2864 776 2925; x_wconf 89' lang='lat' dir='ltr'>illorum</span> <span class='ocrx_word' id='word_1_224' title='bbox 798 2883 861 2924; x_wconf 92' lang='lat' dir='ltr'>non</span> <span class='ocrx_word' id='word_1_225' title='bbox 880 2856 990 2932; x_wconf 76' lang='lat' dir='ltr'>audet,</span> <span class='ocrx_word' id='word_1_226' title='bbox 1021 2855 1084 2937; x_wconf 90' lang='lat' dir='ltr'>ipse</span> 
     </span>
     <span class='ocr_line' id='line_1_33' title="bbox 187 2942 1084 3028; baseline -0.006 -24"><span class='ocrx_word' id='word_1_227' title='bbox 187 2945 240 3026; x_wconf 91' lang='lat' dir='ltr'>qui</span> <span class='ocrx_word' id='word_1_228' title='bbox 261 2946 401 3024; x_wconf 74' lang='lat' dir='ltr'>Seianum</span> <span class='ocrx_word' id='word_1_229' title='bbox 431 2947 581 3010; x_wconf 84' lang='lat' dir='ltr'>viventem</span> <span class='ocrx_word' id='word_1_230' title='bbox 609 2947 829 3028; x_wconf 87' lang='lat' dir='ltr'>florentemque</span> <span class='ocrx_word' id='word_1_231' title='bbox 859 2942 1084 3011; x_wconf 79' lang='lat' dir='ltr'>nominaverat3</span> 
     </span>
     <span class='ocr_line' id='line_1_34' title="bbox 186 3023 1085 3110; baseline -0.002 -24"><span class='ocrx_word' id='word_1_232' title='bbox 186 3027 257 3108; x_wconf 82' lang='lat' dir='ltr'>quie</span> <span class='ocrx_word' id='word_1_233' title='bbox 278 3049 388 3110; x_wconf 87' lang='lat' dir='ltr'>nempe</span> <span class='ocrx_word' id='word_1_234' title='bbox 419 3030 530 3092; x_wconf 72' lang='lat' dir='ltr'>damno</span> <span class='ocrx_word' id='word_1_235' title='bbox 564 3052 618 3092; x_wconf 90' lang='lat' dir='ltr'>suo</span> <span class='ocrx_word' id='word_1_236' title='bbox 640 3028 761 3104; x_wconf 89' lang='lat' dir='ltr'>didicit,</span> <span class='ocrx_word' id='word_1_237' title='bbox 797 3030 875 3089; x_wconf 84' lang='lat' dir='ltr'>hano</span> <span class='ocrx_word' id='word_1_238' title='bbox 901 3023 1085 3088; x_wconf 81' lang='lat' dir='ltr'>verissimam</span> 
     </span>
     <span class='ocr_line' id='line_1_35' title="bbox 186 3111 839 3200; baseline -0.002 -29"><span class='ocrx_word' id='word_1_239' title='bbox 186 3129 266 3200; x_wconf 77' lang='lat' dir='ltr'>esse,</span> <span class='ocrx_word' id='word_1_240' title='bbox 287 3131 378 3192; x_wconf 87' lang='lat' dir='ltr'>quam</span> <span class='ocrx_word' id='word_1_241' title='bbox 398 3114 512 3191; x_wconf 81' lang='lat' dir='ltr'>refert,</span> <span class='ocrx_word' id='word_1_242' title='bbox 536 3112 626 3175; x_wconf 88' lang='lat' dir='ltr'>Ennii</span> <span class='ocrx_word' id='word_1_243' title='bbox 646 3111 839 3175; x_wconf 82' lang='lat' dir='ltr'>sententiam:</span> 
     </span>
    </p>

    <p class='ocr_par' dir='ltr' id='par_1_14' title="bbox 186 3268 1085 3459">
     <span class='ocr_line' id='line_1_36' title="bbox 234 3268 1085 3349; baseline -0.002 -28"><span class='ocrx_word' id='word_1_244' title='bbox 234 3271 264 3338; x_wconf 81' lang='grc' dir='ltr'>Ῑι)</span> <span class='ocrx_word' id='word_1_245' title='bbox 283 3272 350 3340; x_wconf 75' lang='lat' dir='ltr'>Quae</span> <span class='ocrx_word' id='word_1_246' title='bbox 374 3273 404 3324; x_wconf 92' lang='lat' dir='ltr'>in</span> <span class='ocrx_word' id='word_1_247' title='bbox 420 3290 499 3324; x_wconf 90' lang='lat' dir='ltr'>nsum</span> <span class='ocrx_word' id='word_1_248' title='bbox 522 3270 690 3325; x_wconf 81' lang='lat' dir='ltr'>serenissimi</span> <span class='ocrx_word' id='word_1_249' title='bbox 716 3270 846 3349; x_wconf 81' lang='lat' dir='ltr'>Principis</span> <span class='ocrx_word' id='word_1_250' title='bbox 870 3268 992 3323; x_wconf 80' lang='lat' dir='ltr'>Nassavii</span> <span class='ocrx_word' id='word_1_251' title='bbox 1016 3286 1085 3320; x_wconf 82' lang='lat' dir='ltr'>enno</span> 
     </span>
     <span class='ocr_line' id='line_1_37' title="bbox 188 3335 1085 3414; baseline -0.001 -26"><span class='ocrx_word' id='word_1_252' title='bbox 188 3349 251 3401; x_wconf 83' lang='lat'>1701</span> <span class='ocrx_word' id='word_1_253' title='bbox 268 3340 367 3410; x_wconf 85' lang='lat' dir='ltr'>prodiit</span> <span class='ocrx_word' id='word_1_254' title='bbox 383 3338 579 3395; x_wconf 82' lang='lat' dir='ltr'>Amstelodami</span> <span class='ocrx_word' id='word_1_255' title='bbox 600 3340 630 3394; x_wconf 86' lang='lat' dir='ltr'>in</span> <span class='ocrx_word' id='word_1_256' title='bbox 646 3349 713 3409; x_wconf 86' lang='lat' dir='ltr'>4to·‚</span> <span class='ocrx_word' id='word_1_257' title='bbox 729 3339 826 3414; x_wconf 73' lang='lat' dir='ltr'>dgnus</span> <span class='ocrx_word' id='word_1_258' title='bbox 843 3335 1006 3410; x_wconf 78' lang='lat' dir='ltr'>elegentibus</span> <span class='ocrx_word' id='word_1_259' title='bbox 1024 3352 1085 3406; x_wconf 85' lang='lat' dir='ltr'>pet·</span> 
     </span>
     <span class='ocr_line' id='line_1_38' title="bbox 186 3405 430 3459; baseline -0.012 0"><span class='ocrx_word' id='word_1_260' title='bbox 186 3405 278 3459; x_wconf 82' lang='lat' dir='ltr'>multis</span> <span class='ocrx_word' id='word_1_261' title='bbox 295 3406 430 3458; x_wconf 83' lang='lat' dir='ltr'>adornata.</span> 
     </span>
    </p>

    <p class='ocr_par' dir='ltr' id='par_1_15' title="bbox 236 3472 609 3542">
     <span class='ocr_line' id='line_1_39' title="bbox 236 3472 609 3542; baseline 0.013 -20"><span class='ocrx_word' id='word_1_262' title='bbox 236 3473 257 3536; x_wconf 86' lang='lat' dir='ltr'>i)</span> <span class='ocrx_word' id='word_1_263' title='bbox 273 3472 332 3526; x_wconf 90' lang='lat' dir='ltr'>Lib.</span> <span class='ocrx_word' id='word_1_264' title='bbox 349 3473 501 3532; x_wconf 82' lang='lat' dir='ltr'>111.,Pr01.</span> <span class='ocrx_word' id='word_1_265' title='bbox 521 3492 547 3525; x_wconf 86' lang='lat' dir='ltr'>v.</span> <span class='ocrx_word' id='word_1_266' title='bbox 567 3490 609 3542; x_wconf 85' lang='lat'>41.</span> 
     </span>
    </p>

    <p class='ocr_par' dir='ltr' id='par_1_16' title="bbox 237 3539 573 3615">
     <span class='ocr_line' id='line_1_40' title="bbox 237 3539 573 3615; baseline 0.015 -27"><span class='ocrx_word' id='word_1_267' title='bbox 237 3539 311 3606; x_wconf 67' lang='grc' dir='ltr'>Ῐῐ)[ιι</span> <span class='ocrx_word' id='word_1_268' title='bbox 330 3541 377 3594; x_wconf 75' lang='lat' dir='ltr'>lv·</span> <span class='ocrx_word' id='word_1_269' title='bbox 395 3540 463 3615; x_wconf 73' lang='lat' dir='ltr'>Epil·</span> <span class='ocrx_word' id='word_1_270' title='bbox 483 3560 511 3597; x_wconf 78' lang='lat' dir='ltr'>Vs</span> <span class='ocrx_word' id='word_1_271' title='bbox 529 3541 573 3596; x_wconf 76' lang='lat'>30·</span> 
     </span>
    </p>
   </div>
   <div class='ocr_carea' id='block_1_10' title="bbox 0 0 1301 4020">
    <p class='ocr_par' dir='ltr' id='par_1_17' title="bbox 0 0 1301 4020">
     <span class='ocr_line' id='line_1_41' title="bbox 0 0 1301 4020; baseline 0 0"><span class='ocrx_word' id='word_1_272' title='bbox 0 0 1301 4020; x_wconf 95' lang='lat' dir='ltr'> </span> 
     </span>
    </p>
   </div>
  </div>
 </body>
</html>
