2572 4020
265 39 398 87 mmm·

175 91 177 96 ’
244 84 476 208 {mem

248 205 286 281 ,δ

377 353 903 464 praesumot
945 416 950 423 «
1000 504 1002 508 ¹

259 498 263 529 l

191 540 362 658 Ailnum
374 580 451 684 jam
465 598 548 660 ante
561 586 673 686 hujus
687 585 801 662 seculi
822 586 1090 686 sexagesimum

191 699 470 801 Disputationes
496 700 645 804 devita
671 703 890 806 scriptisque
910 704 1091 797 Phaedri,

191 820 281 890 cura
291 814 470 917 pertinaci
482 841 525 889 ac
538 813 782 918 laborelongo
793 819 989 908 institutas,
1004 845 1092 895 con·
1107 879 1109 884 .

156 1015 161 1021 ,
190 931 370 1024 feceram,
396 930 584 1034 simulque
605 933 900 1009 Commentarios
913 934 959 1008 ad
974 935 1091 1037 ipsius
1187 1000 1189 1004 .
1237 1004 1239 1011 .

191 1029 342 1122 fabellas
356 1047 561 1147 adjeceram
573 1046 839 1151 amplissimos3
853 1065 889 1125 et
900 1048 969 1123 ista
978 1049 1091 1124 etiam

190 1163 334 1253 omnia,
360 1163 407 1238 ab
427 1162 645 1238 hominibus
662 1162 852 1240 Societatis
872 1164 957 1245 Iesu
970 1162 1090 1238 erudi·

189 1277 239 1350 tis
258 1290 299 1372 a)
322 1277 541 1380 approbata,
569 1279 810 1381 Typographi
830 1279 973 1382 aliquot
993 1279 1092 1356 Pari·

189 1391 345 1480 sienses,
376 1391 447 1474 sub
470 1392 643 1493 auspiciis
668 1391 905 1469 illustrissimi
936 1394 1091 1468 Domini

190 1508 237 1582 de
263 1506 536 1600 Malesherhes,
556 1505 1091 1609 inlucememittendapubli·
1135 1502 1138 1508 ’
1176 1593 1179 1603 Κ

188 1651 272 1700 cam
298 1641 550 1726 susceperant3
577 1624 666 1698 elim
686 1626 917 1726 inexpectata
943 1623 1091 1699 calamiss

191 1741 317 1817 tas'de
340 1742 432 1816 meis
455 1768 516 1816 me
539 1742 670 1817 studiis
700 1741 855 1843 dejecit,
888 1743 1090 1844 sedemque

191 1856 292 1957 apud
319 1873 459 1933 exteros
485 1885 661 1963 quaerere
693 1862 824 1961 coegit.
874 1859 1087 1958 Initapergo
1186 1937 1190 1945 ‚

192 1997 280 2045 cum
306 1971 564 2076 Typographis
587 1975 739 2072 consilia
762 1970 908 2051 necesse
928 1973 1000 2048 fuit
1022 1973 1091 2047 ab·

242 2179 271 2244 *)
288 2177 365 2230 Libet
387 2179 431 2230 hic
455 2197 564 2233 monere
586 2181 712 2241 lectores,
730 2198 774 2232 me
796 2198 826 2233 ro
846 2190 889 2232 atu
910 2177 1091 2231 honestissimi

191 2243 331 2296 Tobiae
355 2245 539 2299 Loeffleri
561 2265 652 2300 curam
675 2250 774 2300 iterum
805 2200 902 2301 elendi
929 2247 1009 2298 hu'ue
1029 2245 1104 2296 libri¹

191 2311 263 2363 haud
279 2311 394 2366 invitum
409 2313 565 2384 suscepisse,
584 2316 687 2377 sedita,
702 2327 733 2368 ut
743 2265 983 2381 intactiseDesbill
1015 2374 1021 2387 .

191 2378 332 2431 Phaedrum
340 2380 471 2433 annotatis
481 2381 613 2442 omuibus,
631 2400 716 2462 neque
735 2393 837 2436 mutata
849 2380 922 2436 illius
930 2380 1032 2432 ratione
1045 2397 1090 2430 or-

192 2444 285 2516 thogra
304 2448 380 2505 hiae,
403 2458 561 2502 accentuum
576 2460 654 2520 atque
670 2448 909 2521 interpunctionis,
927 2448 989 2500 setis
1007 2446 1091 2498 habe-

193 2528 267 2572 rem,
285 2467 328 2566 lic
351 2514 406 2567 illic
428 2516 462 2567 de
483 2533 528 2568 me
549 2517 661 2586 verbum
676 2517 808 2596 adJicere,
831 2534 891 2568 meo
908 2516 1017 2566 noniine
1036 2513 1089 2584 sig-

191 2590 302 2643 natum,
325 2582 391 2634 duos
430 2600 444 2633 e
458 2583 503 2635 vel
515 2592 568 2636 tres
581 2584 633 2637 viri
649 2585 796 2637 doctrssimi
808 2600 900 2638 versus
919 2598 1013 2652 perum
1028 2589 1090 2632 mo·

193 2646 296 2701 dolatos
313 2600 486 2720 probaiiliter
504 2651 662 2717 emendare3
680 2661 741 2703 ante
760 2651 850 2705 omnia
869 2666 932 2703 vero
958 2647 1091 2699 Addenda
1156 2712 1160 2721 7

192 2714 280 2778 notis,
298 2734 365 2787 quae
387 2716 546 2788 praefationi
563 2719 680 2796 subjecta
695 2719 867 2788 legebantur,
893 2715 948 2768 suis
1007 2730 1090 2791 aeque

192 2780 259 2833 locis
285 2782 410 2837 inserere.
443 2785 530 2853 Majus
553 2785 621 2836 mihi
645 2787 686 2854 jus
712 2802 769 2838 esse
793 2787 822 2838 in
852 2800 957 2840 recens,
988 2781 1091 2839 efunctr

194 2865 260 2915 opus
280 2849 399 2903 doctrina
419 2851 493 2905 veria
516 2853 643 2904 refertum
661 2851 733 2903 haud
755 2851 954 2912 existimabam
982 2864 1049 2909 nec,
1066 2846 1091 2899 si

194 2913 259 2984 quid
286 2915 353 2968 forte
398 2918 588 2972 rovectioribus
611 2919 731 2971 nuncin
751 2919 803 2971 hoc
827 2917 915 2971 studio
934 2923 980 2965 aut
1000 2914 1090 2966 minus

193 2991 294 3035 rectum
320 2938 469 3046 videliitur,
486 2996 531 3037 aut
552 2986 655 3047 tritius,
700 3003 762 3037 uem
785 2987 857 3057 quod
880 2980 1019 3036 ambitiose
1041 2997 1090 3033 ex-

192 3047 322 3119 plicetur,
339 3049 369 3100 ia
388 3052 433 3106 vel
453 3052 538 3113 mihi,
554 3052 599 3106 rel
615 3053 666 3124 ipsi
709 3053 862 3113 esbillsnio,
880 3050 946 3104 vitio
964 3065 1090 3101 versuros

194 3132 271 3184 spero
285 3119 368 3185 justos
385 3136 474 3171 rerum
491 3118 687 3182 aestimatores,
704 3119 808 3173 diversa
832 3120 996 3174 diversorum
1019 3125 1090 3168 tem·

214 3197 290 3235 orum
315 3183 505 3265 homimunque
529 3185 636 3257 ingenia
658 3187 821 3265 consiliaque
845 3193 1004 3304 reputantes.
1039 3182 1091 3234 Da·

192 3200 256 3304 lam
269 3250 495 3325 Manhcrnii1pus
516 3251 639 3308 Calendis
658 3255 779 3309 ianuarii
793 3255 870 3306 MDC
897 3248 1022 3307 CXXIV.

243 3387 272 3453 a)
290 3386 404 3447 Curavi,
431 3398 461 3439 ut
483 3387 635 3460 approbatio
663 3387 732 3452 ista,
758 3319 989 3460 quasi'cii‘oiiam
1015 3403 1091 3439 meac

195 3452 261 3531 olim
279 3453 439 3572 coniifionis
456 3467 674 3524 mouumentum,
698 3457 746 3512 suh
770 3456 855 3512 finem
874 3457 952 3527 hujus
973 3454 1091 3510 volumi-

193 3539 236 3574 ms
256 3539 322 3575 excu
343 3531 437 3575 eretur.

985 2312 1046 2364 onio
1055 2312 1091 2363 ad
1190 2325 1192 2329 ·
