2572 4020
337 253 585 347 ΙΙιΙΙΒΕΙΗἿ
699 288 737 298 „
859 284 937 352 ary
1016 273 1055 311 .’

56 427 201 514 Athenas
219 429 386 512 occupavit
399 429 536 511 imperio
553 425 711 511 improbo.
882 496 886 501 ,

56 513 103 576 Ut
117 521 190 577 mos
208 529 255 576 est
272 514 375 599 vulgi,
396 519 516 596 passim
537 528 569 575 et
587 519 732 576 certatim
751 519 880 600 ruunt‚'

56 599 220 663 ancrrnn
242 601 447 662 succlamant.
488 599 554 684 Ipsi
571 603 730 683 principes

57 687 155 750 Illam
172 688 369 773 osculantur,
384 677 536 769 qdi'sunt
552 691 711 771 oppressi,
728 707 877 774 manum,
921 694 941 755 5
969 760 972 765 ,

57 771 171 836 Tacite
185 787 349 860 gementes
370 778 492 837 tristem
510 773 660 834 Fortunae
678 777 795 838 vicem.

59 858 400 954 Quinetiamresides,
413 874 453 922 “et
472 872 637 943 sequentes
655 863 776 942 otium,
863 893 868 902 κ
890 891 892 898 ¹

58 947 113 1010 Ne
133 948 270 1012 defuisse
293 960 424 1033 noceat,
444 959 569 1031 reptant
592 945 715 1022 ultimi3

970 1130 978 1163 Ι

62 1236 181 1288 'omnium
199 1198 397 1351 ἀοοῑὶεὶηυω,
423 1243 448 1283 et
474 1249 551 1304 opera
576 1233 693 1301 ejusdem
718 1231 857 1291 historica,
883 1233 949 1302 poli·
1027 1231 1030 1236 ’

62 1303 132 1363 tica,
149 1299 271 1373 poitiers,
289 1318 302 1351 r
321 1299 418 1351 etorica
434 1301 516 1352 multa
535 1310 738 1351 commemorat:
757 1300 803 1349 sed
821 1309 846 1350 et
864 1299 949 1364 Fabu-

60 1368 101 1422 las
119 1368 216 1437 Aesopi
232 1367 260 1419 in
285 1383 368 1417 unum
385 1382 478 1436 corpus
494 1368 526 1418 ab
543 1367 599 1436 ipso
625 1367 704 1417 fuisse
722 1367 844 1418 collectae
862 1366 947 1416 docet.

61 1436 148 1487 Annis
165 1435 218 1486 fere
244 1444 303 1485 ante
321 1433 368 1484 Vir
386 1432 435 1484 inis
461 1444 565 1504 parturn
583 1433 702 1485 trecentis
725 1433 822 1485 floruit.
857 1432 948 1482 Phale-

62 1519 122 1552 reus
147 1502 178 1551 ab
202 1500 308 1570 antiquo
336 1500 361 1550 A
392 1517 499 1551 enarum
529 1500 655 1561 Phalereo
680 1511 754 1571 portu
782 1499 865 1550 dictus
892 1512 948 1567 est,
1042 1538 1064 1559 ¹.

64 1562 111 1637 riui
126 1577 216 1636 portus
234 1567 266 1616 ab
286 1566 439 1634 Argonautai
455 1566 565 1618 Phalera
588 1584 685 1617 nomen
702 1576 843 1637 acceperat.
877 1566 949 1615 Haec

62 1651 139 1704 porro
163 1632 251 1683 fabula
282 1631 310 1684 in
336 1631 476 1684 Codicibus
508 1633 691 1703 manuscriptis
720 1644 746 1684 et
772 1633 833 1685 satis
859 1633 949 1683 inultis

61 1698 219 1752 editionibus
255 1697 292 1750 sia
324 1698 489 1750 inscribitur:
522 1699 670 1751 Demetrius
702 1700 758 1764 Rex
789 1710 815 1750 et
840 1699 950 1750 Menan-

62 1767 109 1818 der
125 1767 218 1845 po'e'ta:
249 1764 295 1833 qui
319 1765 474 1817 manifestus
500 1780 572 1816 error
599 1775 655 1830 est;
685 1777 773 1817 noster
800 1766 870 1815 enirn
895 1767 950 1815 De-

62 1844 172 1885 memus
196 1833 304 1883 Archon
329 1830 436 1902 quidem
462 1831 590 1892 Athenis,
621 1850 755 1901 nunquam
780 1843 867 1882 autern
892 1833 950 1884 Rex

62 1899 124 1952 fuit.
149 1898 202 1950 Sub
214 1901 271 1966 ejus
284 1898 390 1949 nomine
402 1899 584 1950 circumfertur
601 1896 666 1948 liber
684 1900 716 1948 de
730 1898 950 1976 interpretatione.
1005 1940 1010 1947 .

63 1965 133 2037 typis
149 1983 198 2016 nec
216 1965 299 2017 semel
313 1964 467 2017 mandatus:
492 1975 519 2016 at
534 1966 581 2016 ille
598 1966 673 2016 fetus
688 1965 817 2031 Dionysio
836 1964 957 2018 italicae·

63 2031 185 2150 naseinai
204 2029 327 2084 tribuitur
349 2031 380 2084 in
404 2031 534 2086 veteribus
560 2030 673 2084 Scholiis
696 2031 730 2084 ad
751 2031 865 2083 Nebulae
892 2031 953 2083 Ari·
976 2063 979 2067 ·

66 2109 123 2170 stop
144 2116 208 2152 aurs·
361 2104 363 2113 '

116 2206 141 2242 2.
160 2189 280 2240 Athenas
298 2208 342 2241 acc
375 2190 437 2254 avit]
472 2190 597 2250 lucente,
615 2186 651 2240 ut'
663 2182 829 2260 perhibetur.
848 2188 954 2240 Cassan-

67 2255 132 2316 dro',
158 2256 330 2307 Macedoniae
371 2272 427 2325 ege.
463 2256 542 2324 Quod
567 2266 654 2307 autern
672 2250 776 2320 subjicit
800 2256 967 2316 Phaedrus..
1049 2250 1053 2259 ⁴

86 2333 198 2374 atratum
216 2323 243 2373 id
256 2322 340 2375 fuisse
353 2321 529 2374 dominatione
546 2321 581 2373 im
602 2322 681 2388 robai3
699 2324 774 2374 aliter
785 2322 893 2375 sensisse
911 2324 951 2373 vi-

66 2341 144 2440 detur
170 2389 280 2447 Cicero.
305 2389 350 2459 qui
373 2390 403 2439 de
421 2390 507 2458 Legit.
537 2388 567 2438 L.
584 2342 650 2448 itt,
676 2409 699 2440 c.
718 2393 761 2443 d:
787 2391 862 2441 illum
887 2390 953 2440 dicit
989 2384 996 2401 ⁸

66 2459 169 2519 utruque
187 2473 212 2505 re
229 2456 391 2517 excelluisse,
410 2468 437 2504 ut
453 2467 476 2505 et
494 2455 612 2506 doctrinae
630 2453 723 2508 Studiis
741 2470 765 2508 et
781 2457 886 2528 regenda
907 2458 952 2508 Ci-

67 2523 141 2575 uitate
156 2523 268 2588 princeps
286 2535 357 2572 esset.
392 2523 424 2572 Et
440 2522 471 2572 L.
490 2523 534 2582 ΙΙ..
552 2541 574 2575 c.
594 2524 646 2582 26„
665 2523 719 2591 suit
743 2524 807 2575 enirn
832 2524 872 2574 hio
896 2525 950 2582 air,
1037 2523 1049 2547 ”

67 2586 195 2649 nescitis,
220 2608 268 2638 non
291 2589 383 2647 solum,
399 2589 593 2648 eruditissimus,
617 2591 662 2638 sed
684 2591 758 2641 etiarn
775 2609 795 2645 ,e
812 2591 952 2656 Republica

67 2656 195 2721 maxime,
213 2657 367 2722 tuendarqnoe
385 2655 500 2708 Civitatis
515 2656 687 2722 peritissimus.
723 2659 797 2725 Quae
815 2660 875 2708 sane
892 2673 953 2709 rer-

67 2723 101 2775 ba
119 2721 262 2791 imperium¹
285 2722 434 2794 improbum
457 2726 511 2775 noh
531 2723 610 2776 modb
635 2742 689 2774 non
714 2720 953 2794 significant‘‚2sed

27 2852 31 2865 .
69 2789 220 2858 planissime
237 2787 316 2841 etiam
333 2790 482 2841 excludunt.

119 2877 156 2943 (3.
176 2877 260 2930 Codd.
278 2880 335 2930 ruit.
362 2880 475 2932 uenit:
497 2881 532 2934 Ut
549 2900 589 2934 mr
601 2893 647 2941 est,
665 2881 750 2949 uulgus
766 2899 793 2946 p.
811 2889 835 2929 et
852 2899 873 2928 c.
893 2880 952 2940 ruit,

71 2941 101 2993 F.
119 2945 269 2998 subclamat.
306 2947 394 3015 Vulgo
409 2948 532 3015 principes
552 2957 726 3018 opponuntur.
760 2949 808 3012 B.)
988 2956 991 2961 '

120 3051 144 3101 4.
170 3033 286 3084 Feliciter
309 3038 476 3106 succlamant]
517 3038 556 3090 Ita
581 3037 750 3090 scribendum
775 3047 814 3089 est
838 3037 894 3088 sine
918 3036 956 3086 di·
1010 3088 1024 3101 κ

72 3100 230 3167 stinctione;
248 3111 275 3152 et
290 3101 362 3154 idem
372 3115 431 3168 est,
457 3106 543 3175 quod,
567 3106 744 3157 succlamant:
769 3105 885 3155 Felicitan
901 3122 956 3155 eac-
1041 3154 1045 3160 ,

17 3167 37 3194 ¹*
72 3167 144 3216 niet!
173 3165 276 3218 Etenini
286 3201 304 3238 ,Ι
306 3169 418 3236 feliciter
435 3172 533 3232 dicere,
551 3173 709 3231 acclamare,
725 3173 957 3240 succlamareggra-

74 3233 233 3291 ‘tulatlonum
251 3235 378 3286 formulae
396 3247 472 3291 sunt.
499 3239 629 3290 luvenalis
648 3239 702 3289 Sat.
722 3255 757 3302 2.‚
776 3238 809 3292 vi
822 3255 877 3307 11).
921 3250 923 3255 ’

138 3300 259 3369 Signatus
282 3302 398 3367 tabulae3
417 3303 514 3355 dictum
532 3305 649 3357 feliciter.
730 3314 734 3320 ’

122 3390 264 3457 Principes]
298 3391 328 3443 ld
346 3402 403 3453 est,
421 3392 499 3463 primi
517 3393 631 3447 Civium.

122 3481 149 3532 8.
170 3482 280 3548 Raptant
297 3482 388 3550 ultimi]
424 3482 453 3534 ld
471 3494 526 3547 est,
544 3484 646 3550 ultim,
665 3485 759 3558 quippe
771 3446 848 3551 stud&
866 3488 957 3542 amba.
1016 3465 1017 3469 Ἰ

72 3545 328 3612 lautes‚aeceduot.
385 3591 392 3598 .
760 3564 779 3571 ··
986 3574 989 3581 ,
1028 3566 1031 3571 -
