<?xml version="1.0" encoding="UTF-8"?>
<!DOCTYPE html PUBLIC "-//W3C//DTD XHTML 1.0 Transitional//EN"
    "http://www.w3.org/TR/xhtml1/DTD/xhtml1-transitional.dtd">
<html xmlns="http://www.w3.org/1999/xhtml" xml:lang="en" lang="en">
 <head>
  <title>
</title>
<meta http-equiv="Content-Type" content="text/html;charset=utf-8" />
  <meta name='ocr-system' content='tesseract 3.04.00' />
  <meta name='ocr-capabilities' content='ocr_page ocr_carea ocr_par ocr_line ocrx_word'/>
</head>
<body>
  <div class='ocr_page' id='page_1' title='image "./fabvlarvmaesopi00phaegoog_0079.png"; bbox 0 0 2572 4020; ppageno 0'>
   <div class='ocr_carea' id='block_1_1' title="bbox 350 212 1110 327">
    <p class='ocr_par' dir='ltr' id='par_1_1' title="bbox 350 212 1110 327">
     <span class='ocr_line' id='line_1_1' title="bbox 350 212 1110 327; baseline -0.009 -26"><span class='ocrx_word' id='word_1_1' title='bbox 350 242 388 312; x_wconf 71' lang='lat' dir='ltr'>st</span> <span class='ocrx_word' id='word_1_2' title='bbox 568 212 750 327; x_wconf 71' lang='lat' dir='ltr'>russum</span> <span class='ocrx_word' id='word_1_3' title='bbox 772 239 1036 299; x_wconf 76' lang='lat' dir='ltr'>ruuvimvu.</span> <span class='ocrx_word' id='word_1_4' title='bbox 1063 258 1067 270; x_wconf 89' lang='lat'>·</span> <span class='ocrx_word' id='word_1_5' title='bbox 1109 291 1110 294; x_wconf 12' lang='lat' dir='ltr'>s</span> 
     </span>
    </p>
   </div>
   <div class='ocr_carea' id='block_1_2' title="bbox 347 402 1241 922">
    <p class='ocr_par' dir='ltr' id='par_1_2' title="bbox 347 402 1241 645">
     <span class='ocr_line' id='line_1_2' title="bbox 349 402 1241 492; baseline -0.002 -22"><span class='ocrx_word' id='word_1_6' title='bbox 349 409 488 470; x_wconf 81' lang='lat' dir='ltr'>Alveolo</span> <span class='ocrx_word' id='word_1_7' title='bbox 501 411 595 492; x_wconf 86' lang='lat' dir='ltr'>coepit</span> <span class='ocrx_word' id='word_1_8' title='bbox 612 407 717 491; x_wconf 84' lang='lat' dir='ltr'>ligneo</span> <span class='ocrx_word' id='word_1_9' title='bbox 731 426 941 490; x_wconf 77' lang='lat' dir='ltr'>conspergere</span> <span class='ocrx_word' id='word_1_10' title='bbox 1040 429 1042 432; x_wconf 68' lang='grc'>’</span> <span class='ocrx_word' id='word_1_11' title='bbox 1198 402 1241 475; x_wconf 75' lang='lat'>15</span> 
     </span>
     <span class='ocr_line' id='line_1_3' title="bbox 348 492 1173 578; baseline 0 -22"><span class='ocrx_word' id='word_1_12' title='bbox 348 494 498 556; x_wconf 88' lang='lat' dir='ltr'><strong>Humum</strong></span> <span class='ocrx_word' id='word_1_13' title='bbox 513 505 718 577; x_wconf 61' lang='lat' dir='ltr'>aestuantem,</span> <span class='ocrx_word' id='word_1_14' title='bbox 736 496 858 578; x_wconf 87' lang='lat' dir='ltr'>jactans</span> <span class='ocrx_word' id='word_1_15' title='bbox 880 492 1046 577; x_wconf 86' lang='lat' dir='ltr'>opificium</span> <span class='ocrx_word' id='word_1_16' title='bbox 1064 494 1173 558; x_wconf 79' lang='lat' dir='ltr'>comae.</span> 
     </span>
     <span class='ocr_line' id='line_1_4' title="bbox 347 577 968 645; baseline -0.006 -1"><span class='ocrx_word' id='word_1_17' title='bbox 347 579 411 644; x_wconf 86' lang='lat' dir='ltr'>Sed</span> <span class='ocrx_word' id='word_1_18' title='bbox 428 580 598 645; x_wconf 76' lang='lat' dir='ltr'>deridetur.</span> <span class='ocrx_word' id='word_1_19' title='bbox 640 579 720 641; x_wconf 89' lang='lat' dir='ltr'>Inde</span> <span class='ocrx_word' id='word_1_20' title='bbox 735 583 819 641; x_wconf 86' lang='lat' dir='ltr'>notis</span> <span class='ocrx_word' id='word_1_21' title='bbox 835 577 968 641; x_wconf 78' lang='lat' dir='ltr'>flexibus</span> 
     </span>
    </p>

    <p class='ocr_par' dir='ltr' id='par_1_3' title="bbox 347 666 1241 922">
     <span class='ocr_line' id='line_1_5' title="bbox 348 666 1233 752; baseline 0.001 -25"><span class='ocrx_word' id='word_1_22' title='bbox 348 666 518 731; x_wconf 86' lang='lat' dir='ltr'>Praeourrit</span> <span class='ocrx_word' id='word_1_23' title='bbox 538 667 637 727; x_wconf 83' lang='lat' dir='ltr'>alium</span> <span class='ocrx_word' id='word_1_24' title='bbox 651 670 685 726; x_wconf 89' lang='lat' dir='ltr'>iu</span> <span class='ocrx_word' id='word_1_25' title='bbox 700 670 816 727; x_wconf 79' lang='lat' dir='ltr'>xistum</span> <span class='ocrx_word' id='word_1_26' title='bbox 822 710 840 747; x_wconf 81' lang='lat'>‚.</span> <span class='ocrx_word' id='word_1_27' title='bbox 853 666 966 728; x_wconf 89' lang='lat' dir='ltr'>sedans</span> <span class='ocrx_word' id='word_1_28' title='bbox 983 667 1174 752; x_wconf 72' lang='lat' dir='ltr'>pulverem!</span> <span class='ocrx_word' id='word_1_29' title='bbox 1229 670 1233 680; x_wconf 89' lang='lat'>&#39;</span> 
     </span>
     <span class='ocr_line' id='line_1_6' title="bbox 347 749 1241 838; baseline 0.006 -23"><span class='ocrx_word' id='word_1_30' title='bbox 347 752 503 836; x_wconf 84' lang='lat' dir='ltr'>Agnoscit</span> <span class='ocrx_word' id='word_1_31' title='bbox 517 752 684 814; x_wconf 88' lang='lat' dir='ltr'>hominem</span> <span class='ocrx_word' id='word_1_32' title='bbox 703 749 828 834; x_wconf 66' lang='lat' dir='ltr'>Cesar,</span> <span class='ocrx_word' id='word_1_33' title='bbox 849 774 982 836; x_wconf 82' lang='lat' dir='ltr'>remque</span> <span class='ocrx_word' id='word_1_34' title='bbox 997 754 1153 838; x_wconf 80' lang='lat' dir='ltr'>iutelligit.</span> <span class='ocrx_word' id='word_1_35' title='bbox 1231 780 1241 809; x_wconf 83' lang='lat'>-··</span> 
     </span>
     <span class='ocr_line' id='line_1_7' title="bbox 351 837 976 922; baseline 0 -23"><span class='ocrx_word' id='word_1_36' title='bbox 351 837 387 904; x_wconf 74' lang='lat' dir='ltr'>Is</span> <span class='ocrx_word' id='word_1_37' title='bbox 405 851 438 917; x_wconf 85' lang='lat' dir='ltr'>ut</span> <span class='ocrx_word' id='word_1_38' title='bbox 449 843 573 921; x_wconf 87' lang='lat' dir='ltr'>putavit</span> <span class='ocrx_word' id='word_1_39' title='bbox 583 846 652 901; x_wconf 77' lang='lat' dir='ltr'>es‘se</span> <span class='ocrx_word' id='word_1_40' title='bbox 667 842 775 903; x_wconf 84' lang='lat' dir='ltr'>neseio</span> <span class='ocrx_word' id='word_1_41' title='bbox 788 838 864 922; x_wconf 92' lang='lat' dir='ltr'>quid</span> <span class='ocrx_word' id='word_1_42' title='bbox 882 838 976 901; x_wconf 88' lang='lat' dir='ltr'>bom&#39;:</span> 
     </span>
    </p>
   </div>
   <div class='ocr_carea' id='block_1_3' title="bbox 352 995 1240 1025">
    <p class='ocr_par' dir='ltr' id='par_1_4' title="bbox 352 995 1240 1025">
     <span class='ocr_line' id='line_1_8' title="bbox 352 995 1240 1011; baseline -0.001 -3"><span class='ocrx_word' id='word_1_43' title='bbox 352 995 1240 1011; x_wconf 41' lang='lat' dir='ltr'>——oe-m-—ae—-a--m-ffl—-nt-u———ss</span> 
     </span>
     <span class='ocr_line' id='line_1_9' title="bbox 1220 1016 1223 1025; baseline 0 0"><span class='ocrx_word' id='word_1_44' title='bbox 1220 1016 1223 1025; x_wconf 85' lang='grc' dir='ltr'>ι</span> 
     </span>
    </p>
   </div>
   <div class='ocr_carea' id='block_1_4' title="bbox 353 1094 1241 1366">
    <p class='ocr_par' dir='ltr' id='par_1_5' title="bbox 353 1094 1241 1366">
     <span class='ocr_line' id='line_1_10' title="bbox 451 1094 1238 1158; baseline 0.006 -10"><span class='ocrx_word' id='word_1_45' title='bbox 451 1096 650 1158; x_wconf 68' lang='lat' dir='ltr'>Perambulante</span> <span class='ocrx_word' id='word_1_46' title='bbox 664 1099 733 1149; x_wconf 88' lang='lat' dir='ltr'>laeta</span> <span class='ocrx_word' id='word_1_47' title='bbox 751 1097 857 1149; x_wconf 89' lang='lat' dir='ltr'>domiuo</span> <span class='ocrx_word' id='word_1_48' title='bbox 874 1096 976 1149; x_wconf 84' lang='lat' dir='ltr'>viridia.</span> <span class='ocrx_word' id='word_1_49' title='bbox 1177 1094 1180 1099; x_wconf 68' lang='grc'><strong>’</strong></span> <span class='ocrx_word' id='word_1_50' title='bbox 1232 1128 1238 1153; x_wconf 63' lang='lat' dir='ltr'>i</span> 
     </span>
     <span class='ocr_line' id='line_1_11' title="bbox 354 1164 1239 1238; baseline 0.002 -22"><span class='ocrx_word' id='word_1_51' title='bbox 354 1166 463 1216; x_wconf 81' lang='lat' dir='ltr'>Domino</span> <span class='ocrx_word' id='word_1_52' title='bbox 481 1177 507 1216; x_wconf 89' lang='lat' dir='ltr'>et</span> <span class='ocrx_word' id='word_1_53' title='bbox 520 1183 565 1231; x_wconf 78' lang='lat' dir='ltr'>per</span> <span class='ocrx_word' id='word_1_54' title='bbox 574 1201 582 1226; x_wconf 92' lang='lat'>,</span> <span class='ocrx_word' id='word_1_55' title='bbox 601 1165 714 1218; x_wconf 87' lang='lat' dir='ltr'>invicem</span> <span class='ocrx_word' id='word_1_56' title='bbox 731 1164 927 1231; x_wconf 82' lang='lat' dir='ltr'>transtulimus3</span> <span class='ocrx_word' id='word_1_57' title='bbox 944 1182 975 1217; x_wconf 87' lang='lat' dir='ltr'>ao</span> <span class='ocrx_word' id='word_1_58' title='bbox 988 1165 1032 1217; x_wconf 75' lang='lat' dir='ltr'>uiri</span> <span class='ocrx_word' id='word_1_59' title='bbox 1051 1165 1147 1227; x_wconf 70' lang='lat' dir='ltr'>diario,</span> <span class='ocrx_word' id='word_1_60' title='bbox 1157 1168 1163 1177; x_wconf 83' lang='lat'>&#39;</span> <span class='ocrx_word' id='word_1_61' title='bbox 1173 1186 1239 1238; x_wconf 80' lang='lat' dir='ltr'>quae</span> 
     </span>
     <span class='ocr_line' id='line_1_12' title="bbox 353 1230 1241 1303; baseline 0.005 -21"><span class='ocrx_word' id='word_1_62' title='bbox 353 1248 406 1282; x_wconf 83' lang='lat' dir='ltr'>vox</span> <span class='ocrx_word' id='word_1_63' title='bbox 421 1232 502 1283; x_wconf 85' lang='lat' dir='ltr'>latina</span> <span class='ocrx_word' id='word_1_64' title='bbox 525 1241 652 1293; x_wconf 80' lang='lat' dir='ltr'>nonest,</span> <span class='ocrx_word' id='word_1_65' title='bbox 677 1230 836 1284; x_wconf 79' lang='lat' dir='ltr'><strong>mutavimus</strong></span> <span class='ocrx_word' id='word_1_66' title='bbox 861 1230 888 1281; x_wconf 89' lang='lat' dir='ltr'>iu</span> <span class='ocrx_word' id='word_1_67' title='bbox 905 1231 1040 1282; x_wconf 77' lang='lat' dir='ltr'>viridaria:</span> <span class='ocrx_word' id='word_1_68' title='bbox 1068 1233 1140 1303; x_wconf 85' lang='lat' dir='ltr'>quod</span> <span class='ocrx_word' id='word_1_69' title='bbox 1162 1235 1241 1286; x_wconf 77' lang='lat' dir='ltr'>uobis&#39;</span> 
     </span>
     <span class='ocr_line' id='line_1_13' title="bbox 354 1295 982 1366; baseline -0.005 -16"><span class='ocrx_word' id='word_1_70' title='bbox 354 1299 517 1350; x_wconf 85' lang='lat' dir='ltr'><strong>commodius</strong></span> <span class='ocrx_word' id='word_1_71' title='bbox 535 1309 561 1348; x_wconf 91' lang='lat' dir='ltr'>et</span> <span class='ocrx_word' id='word_1_72' title='bbox 577 1298 695 1360; x_wconf 83' lang='lat' dir='ltr'>Phaedro</span> <span class='ocrx_word' id='word_1_73' title='bbox 712 1297 815 1366; x_wconf 85' lang='lat' dir='ltr'>dignius</span> <span class='ocrx_word' id='word_1_74' title='bbox 832 1295 918 1349; x_wconf 88' lang='lat' dir='ltr'>visum</span> <span class='ocrx_word' id='word_1_75' title='bbox 935 1306 982 1351; x_wconf 86' lang='lat' dir='ltr'>est.</span> 
     </span>
    </p>
   </div>
   <div class='ocr_carea' id='block_1_5' title="bbox 283 1385 1264 2650">
    <p class='ocr_par' dir='ltr' id='par_1_6' title="bbox 283 1385 1240 1657">
     <span class='ocr_line' id='line_1_14' title="bbox 404 1385 1238 1455; baseline 0 -14"><span class='ocrx_word' id='word_1_76' title='bbox 404 1391 444 1441; x_wconf 83' lang='lat'>16·</span> <span class='ocrx_word' id='word_1_77' title='bbox 462 1386 631 1455; x_wconf 84' lang='lat' dir='ltr'>Manusoripti</span> <span class='ocrx_word' id='word_1_78' title='bbox 649 1386 758 1436; x_wconf 85' lang='lat' dir='ltr'>Codices</span> <span class='ocrx_word' id='word_1_79' title='bbox 775 1385 887 1436; x_wconf 82' lang='lat' dir='ltr'>hebent:</span> <span class='ocrx_word' id='word_1_80' title='bbox 911 1387 1014 1436; x_wconf 81' lang='lat' dir='ltr'>lactans</span> <span class='ocrx_word' id='word_1_81' title='bbox 1032 1385 1142 1454; x_wconf 60' lang='lat' dir='ltr'>fficium</span> <span class='ocrx_word' id='word_1_82' title='bbox 1158 1409 1238 1441; x_wconf 82' lang='lat' dir='ltr'>come.</span> 
     </span>
     <span class='ocr_line' id='line_1_15' title="bbox 354 1451 1239 1521; baseline 0.002 -16"><span class='ocrx_word' id='word_1_83' title='bbox 354 1453 547 1506; x_wconf 86' lang='lat' dir='ltr'>Substituerunt</span> <span class='ocrx_word' id='word_1_84' title='bbox 563 1462 622 1521; x_wconf 89' lang='lat' dir='ltr'>post</span> <span class='ocrx_word' id='word_1_85' title='bbox 638 1451 782 1520; x_wconf 86' lang='lat' dir='ltr'>Rigaltium</span> <span class='ocrx_word' id='word_1_86' title='bbox 800 1451 891 1504; x_wconf 79' lang='lat' dir='ltr'>critici</span> <span class='ocrx_word' id='word_1_87' title='bbox 907 1454 962 1504; x_wconf 82' lang='lat' dir='ltr'>fere</span> <span class='ocrx_word' id='word_1_88' title='bbox 979 1471 1087 1508; x_wconf 72' lang='lat' dir='ltr'>omnen</span> <span class='ocrx_word' id='word_1_89' title='bbox 1105 1473 1181 1509; x_wconf 83' lang='lat' dir='ltr'>come</span> <span class='ocrx_word' id='word_1_90' title='bbox 1197 1459 1239 1507; x_wconf 85' lang='lat' dir='ltr'>ol-</span> 
     </span>
     <span class='ocr_line' id='line_1_16' title="bbox 355 1517 1240 1588; baseline -0.005 -16"><span class='ocrx_word' id='word_1_91' title='bbox 355 1523 446 1572; x_wconf 82' lang='lat' dir='ltr'>licium</span> <span class='ocrx_word' id='word_1_92' title='bbox 462 1520 590 1587; x_wconf 77' lang='lat' dir='ltr'>jactitans.</span> <span class='ocrx_word' id='word_1_93' title='bbox 624 1517 677 1568; x_wconf 86' lang='lat' dir='ltr'>Sed</span> <span class='ocrx_word' id='word_1_94' title='bbox 693 1529 719 1568; x_wconf 89' lang='lat' dir='ltr'>et</span> <span class='ocrx_word' id='word_1_95' title='bbox 734 1519 857 1567; x_wconf 80' lang='lat' dir='ltr'>lectitans</span> <span class='ocrx_word' id='word_1_96' title='bbox 882 1529 905 1568; x_wconf 80' lang='lat' dir='ltr'>et</span> <span class='ocrx_word' id='word_1_97' title='bbox 922 1537 991 1569; x_wconf 72' lang='lat' dir='ltr'>eosne</span> <span class='ocrx_word' id='word_1_98' title='bbox 1015 1518 1140 1588; x_wconf 61' lang='lat' dir='ltr'>fiuvium,</span> <span class='ocrx_word' id='word_1_99' title='bbox 1166 1525 1240 1574; x_wconf 49' lang='lat' dir='ltr'>locus</span> 
     </span>
     <span class='ocr_line' id='line_1_17' title="bbox 283 1582 1238 1657; baseline 0.001 -19"><span class='ocrx_word' id='word_1_100' title='bbox 283 1646 287 1657; x_wconf 63' lang='lat'>,</span> <span class='ocrx_word' id='word_1_101' title='bbox 353 1588 437 1639; x_wconf 82' lang='lat' dir='ltr'>tiones</span> <span class='ocrx_word' id='word_1_102' title='bbox 454 1585 497 1636; x_wconf 87' lang='lat' dir='ltr'>bic</span> <span class='ocrx_word' id='word_1_103' title='bbox 513 1601 569 1636; x_wconf 85' lang='lat' dir='ltr'>esse</span> <span class='ocrx_word' id='word_1_104' title='bbox 585 1585 651 1636; x_wconf 90' lang='lat' dir='ltr'>bene</span> <span class='ocrx_word' id='word_1_105' title='bbox 666 1584 777 1644; x_wconf 84' lang='lat' dir='ltr'>latinas,</span> <span class='ocrx_word' id='word_1_106' title='bbox 802 1602 895 1643; x_wconf 83' lang='lat' dir='ltr'>nemo,</span> <span class='ocrx_word' id='word_1_107' title='bbox 924 1585 994 1654; x_wconf 88' lang='lat' dir='ltr'>quod</span> <span class='ocrx_word' id='word_1_108' title='bbox 1012 1582 1107 1648; x_wconf 79' lang='lat' dir='ltr'>selam,</span> <span class='ocrx_word' id='word_1_109' title='bbox 1136 1588 1238 1640; x_wconf 85' lang='lat' dir='ltr'>idoneis</span> 
     </span>
    </p>

    <p class='ocr_par' dir='ltr' id='par_1_7' title="bbox 354 1649 1245 1723">
     <span class='ocr_line' id='line_1_18' title="bbox 354 1649 1245 1723; baseline 0.004 -20"><span class='ocrx_word' id='word_1_110' title='bbox 354 1655 406 1707; x_wconf 88' lang='lat' dir='ltr'>huc</span> <span class='ocrx_word' id='word_1_111' title='bbox 424 1669 505 1719; x_wconf 87' lang='lat' dir='ltr'>usque</span> <span class='ocrx_word' id='word_1_112' title='bbox 523 1649 677 1702; x_wconf 81' lang='lat' dir='ltr'>testimoniis</span> <span class='ocrx_word' id='word_1_113' title='bbox 696 1649 817 1702; x_wconf 83' lang='lat' dir='ltr'>ostendit.</span> <span class='ocrx_word' id='word_1_114' title='bbox 853 1652 910 1711; x_wconf 84' lang='lat' dir='ltr'>lbi,</span> <span class='ocrx_word' id='word_1_115' title='bbox 928 1652 1024 1713; x_wconf 74' lang='lat' dir='ltr'>eredo.</span> <span class='ocrx_word' id='word_1_116' title='bbox 1041 1655 1127 1723; x_wconf 85' lang='lat' dir='ltr'>agitur</span> <span class='ocrx_word' id='word_1_117' title='bbox 1144 1655 1179 1706; x_wconf 91' lang='lat' dir='ltr'>de</span> <span class='ocrx_word' id='word_1_118' title='bbox 1195 1674 1245 1713; x_wconf 57' lang='lat' dir='ltr'>eof·</span> 
     </span>
    </p>

    <p class='ocr_par' dir='ltr' id='par_1_8' title="bbox 353 1717 1238 1787">
     <span class='ocr_line' id='line_1_19' title="bbox 353 1717 1238 1787; baseline 0.001 -16"><span class='ocrx_word' id='word_1_119' title='bbox 353 1724 414 1775; x_wconf 77' lang='lat' dir='ltr'>md.</span> <span class='ocrx_word' id='word_1_120' title='bbox 432 1735 485 1769; x_wconf 88' lang='lat' dir='ltr'>non</span> <span class='ocrx_word' id='word_1_121' title='bbox 502 1728 589 1768; x_wconf 87' lang='lat' dir='ltr'>autem</span> <span class='ocrx_word' id='word_1_122' title='bbox 607 1717 638 1768; x_wconf 90' lang='lat' dir='ltr'>de</span> <span class='ocrx_word' id='word_1_123' title='bbox 656 1717 743 1769; x_wconf 84' lang='lat' dir='ltr'>officio</span> <span class='ocrx_word' id='word_1_124' title='bbox 761 1718 804 1768; x_wconf 88' lang='lat' dir='ltr'>vel</span> <span class='ocrx_word' id='word_1_125' title='bbox 821 1720 942 1769; x_wconf 82' lang='lat' dir='ltr'>comitate</span> <span class='ocrx_word' id='word_1_126' title='bbox 959 1719 1036 1787; x_wconf 78' lang='lat' dir='ltr'>liujus</span> <span class='ocrx_word' id='word_1_127' title='bbox 1053 1721 1185 1785; x_wconf 80' lang='lat' dir='ltr'>atriensis3</span> <span class='ocrx_word' id='word_1_128' title='bbox 1204 1724 1238 1772; x_wconf 81' lang='lat' dir='ltr'>ad</span> 
     </span>
    </p>

    <p class='ocr_par' dir='ltr' id='par_1_9' title="bbox 333 1784 1257 1923">
     <span class='ocr_line' id='line_1_20' title="bbox 333 1784 1257 1900; baseline 0 -63"><span class='ocrx_word' id='word_1_129' title='bbox 333 1846 338 1852; x_wconf 15' lang='grc' dir='ltr'><strong>ᾗ</strong></span> <span class='ocrx_word' id='word_1_130' title='bbox 355 1785 426 1855; x_wconf 92' lang='lat' dir='ltr'>quod</span> <span class='ocrx_word' id='word_1_131' title='bbox 442 1784 521 1839; x_wconf 81' lang='lat' dir='ltr'>etiam</span> <span class='ocrx_word' id='word_1_132' title='bbox 537 1784 736 1900; x_wconf 56' lang='lat' dir='ltr'>iutellifieudum</span> <span class='ocrx_word' id='word_1_133' title='bbox 773 1795 888 1852; x_wconf 85' lang='lat' dir='ltr'>raeparat</span> <span class='ocrx_word' id='word_1_134' title='bbox 912 1801 1002 1837; x_wconf 85' lang='lat' dir='ltr'>versus</span> <span class='ocrx_word' id='word_1_135' title='bbox 1021 1786 1059 1839; x_wconf 84' lang='lat'>13.</span> <span class='ocrx_word' id='word_1_136' title='bbox 1073 1787 1123 1839; x_wconf 84' lang='lat' dir='ltr'>uhi</span> <span class='ocrx_word' id='word_1_137' title='bbox 1139 1802 1257 1839; x_wconf 83' lang='lat' dir='ltr'>memo-·</span> 
     </span>
     <span class='ocr_line' id='line_1_21' title="bbox 353 1803 1239 1923; baseline 0.001 -19"><span class='ocrx_word' id='word_1_138' title='bbox 353 1864 444 1904; x_wconf 82' lang='lat' dir='ltr'>rantur</span> <span class='ocrx_word' id='word_1_139' title='bbox 461 1850 521 1903; x_wconf 82' lang='lat' dir='ltr'>cirri</span> <span class='ocrx_word' id='word_1_140' title='bbox 538 1853 621 1921; x_wconf 86' lang='lat' dir='ltr'>depen</span> <span class='ocrx_word' id='word_1_141' title='bbox 641 1863 723 1902; x_wconf 85' lang='lat' dir='ltr'>entes.</span> <span class='ocrx_word' id='word_1_142' title='bbox 747 1803 829 1902; x_wconf 55' lang='lat' dir='ltr'>ione</span> <span class='ocrx_word' id='word_1_143' title='bbox 843 1870 903 1910; x_wconf 78' lang='lat' dir='ltr'>vox,</span> <span class='ocrx_word' id='word_1_144' title='bbox 922 1853 1058 1919; x_wconf 74' lang='lat' dir='ltr'>opificium.</span> <span class='ocrx_word' id='word_1_145' title='bbox 1077 1871 1155 1923; x_wconf 85' lang='lat' dir='ltr'>quam</span> <span class='ocrx_word' id='word_1_146' title='bbox 1169 1854 1239 1911; x_wconf 75' lang='lat' dir='ltr'>roei.</span> 
     </span>
    </p>

    <p class='ocr_par' dir='ltr' id='par_1_10' title="bbox 344 1916 1241 1991">
     <span class='ocr_line' id='line_1_22' title="bbox 344 1916 1241 1991; baseline 0.001 -23"><span class='ocrx_word' id='word_1_147' title='bbox 344 1919 481 1987; x_wconf 42' lang='lat' dir='ltr'>sufficiam,</span> <span class='ocrx_word' id='word_1_148' title='bbox 507 1917 703 1975; x_wconf 79' lang='lat' dir='ltr'>substituimus,</span> <span class='ocrx_word' id='word_1_149' title='bbox 734 1916 777 1969; x_wconf 90' lang='lat' dir='ltr'>hio</span> <span class='ocrx_word' id='word_1_150' title='bbox 794 1917 992 1979; x_wconf 78' lang='lat' dir='ltr'>eontinuitutem</span> <span class='ocrx_word' id='word_1_151' title='bbox 1010 1937 1145 1989; x_wconf 82' lang='lat' dir='ltr'>operosam</span> <span class='ocrx_word' id='word_1_152' title='bbox 1162 1920 1241 1991; x_wconf 61' lang='lat' dir='ltr'>signi÷</span> 
     </span>
    </p>

    <p class='ocr_par' dir='ltr' id='par_1_11' title="bbox 353 1984 1241 2062">
     <span class='ocr_line' id='line_1_23' title="bbox 353 1984 1241 2062; baseline 0.001 -25"><span class='ocrx_word' id='word_1_153' title='bbox 353 1989 431 2046; x_wconf 85' lang='lat' dir='ltr'>licat,</span> <span class='ocrx_word' id='word_1_154' title='bbox 474 1985 532 2035; x_wconf 86' lang='lat' dir='ltr'>uale</span> <span class='ocrx_word' id='word_1_155' title='bbox 556 1997 596 2039; x_wconf 89' lang='lat' dir='ltr'>est</span> <span class='ocrx_word' id='word_1_156' title='bbox 620 2003 635 2034; x_wconf 94' lang='lat' dir='ltr'>o</span> <span class='ocrx_word' id='word_1_157' title='bbox 655 1984 768 2047; x_wconf 77' lang='lat' dir='ltr'>ilicium,</span> <span class='ocrx_word' id='word_1_158' title='bbox 795 2001 847 2062; x_wconf 81' lang='lat' dir='ltr'>quo</span> <span class='ocrx_word' id='word_1_159' title='bbox 865 1985 949 2037; x_wconf 85' lang='lat' dir='ltr'>solent</span> <span class='ocrx_word' id='word_1_160' title='bbox 974 2003 1034 2055; x_wconf 87' lang='lat' dir='ltr'>apes</span> <span class='ocrx_word' id='word_1_161' title='bbox 1052 1987 1182 2046; x_wconf 83' lang='lat' dir='ltr'>detineri,</span> <span class='ocrx_word' id='word_1_162' title='bbox 1211 1997 1241 2038; x_wconf 93' lang='lat' dir='ltr'>ut</span> 
     </span>
    </p>

    <p class='ocr_par' dir='ltr' id='par_1_12' title="bbox 355 2001 1238 2122">
     <span class='ocr_line' id='line_1_24' title="bbox 355 2001 1238 2122; baseline -0.001 -18"><span class='ocrx_word' id='word_1_163' title='bbox 355 2053 444 2104; x_wconf 83' lang='lat' dir='ltr'>videre</span> <span class='ocrx_word' id='word_1_164' title='bbox 457 2001 521 2103; x_wconf 81' lang='lat' dir='ltr'>licet</span> <span class='ocrx_word' id='word_1_165' title='bbox 537 2051 605 2122; x_wconf 84' lang='lat' dir='ltr'>apud</span> <span class='ocrx_word' id='word_1_166' title='bbox 622 2051 767 2103; x_wconf 72' lang='lat' dir='ltr'>larionem</span> <span class='ocrx_word' id='word_1_167' title='bbox 791 2050 857 2105; x_wconf 83' lang='lat' dir='ltr'>libro</span> <span class='ocrx_word' id='word_1_168' title='bbox 869 2052 890 2104; x_wconf 82' lang='grc'>,3</span> <span class='ocrx_word' id='word_1_169' title='bbox 900 2089 923 2113; x_wconf 83' lang='grc'>,.</span> <span class='ocrx_word' id='word_1_170' title='bbox 939 2072 963 2104; x_wconf 80' lang='lat' dir='ltr'>e.</span> <span class='ocrx_word' id='word_1_171' title='bbox 981 2054 1034 2108; x_wconf 61' lang='lat'>16„</span> <span class='ocrx_word' id='word_1_172' title='bbox 1048 2053 1078 2102; x_wconf 80' lang='lat' dir='ltr'>de</span> <span class='ocrx_word' id='word_1_173' title='bbox 1095 2072 1120 2102; x_wconf 81' lang='lat' dir='ltr'>re</span> <span class='ocrx_word' id='word_1_174' title='bbox 1135 2054 1238 2103; x_wconf 78' lang='lat' dir='ltr'>rustica.</span> 
     </span>
    </p>

    <p class='ocr_par' dir='ltr' id='par_1_13' title="bbox 355 2117 1239 2189">
     <span class='ocr_line' id='line_1_25' title="bbox 355 2117 1239 2189; baseline -0.002 -19"><span class='ocrx_word' id='word_1_175' title='bbox 355 2118 437 2189; x_wconf 88' lang='lat' dir='ltr'>Quod</span> <span class='ocrx_word' id='word_1_176' title='bbox 452 2117 599 2188; x_wconf 77' lang='lat' dir='ltr'>spectatori</span> <span class='ocrx_word' id='word_1_177' title='bbox 623 2135 743 2176; x_wconf 76' lang='lat' dir='ltr'>comam,</span> <span class='ocrx_word' id='word_1_178' title='bbox 769 2117 877 2177; x_wconf 80' lang='lat' dir='ltr'>Festus,</span> <span class='ocrx_word' id='word_1_179' title='bbox 903 2135 969 2171; x_wconf 85' lang='lat' dir='ltr'>voee</span> <span class='ocrx_word' id='word_1_180' title='bbox 991 2131 1113 2168; x_wconf 77' lang='lat' dir='ltr'>conitus</span> <span class='ocrx_word' id='word_1_181' title='bbox 1134 2121 1239 2179; x_wconf 68' lang='lat' dir='ltr'>Comae,</span> 
     </span>
    </p>

    <p class='ocr_par' dir='ltr' id='par_1_14' title="bbox 354 2184 1240 2263">
     <span class='ocr_line' id='line_1_26' title="bbox 354 2184 1240 2263; baseline -0.007 -25"><span class='ocrx_word' id='word_1_182' title='bbox 354 2185 458 2254; x_wconf 76' lang='lat' dir='ltr'>inquit.</span> <span class='ocrx_word' id='word_1_183' title='bbox 477 2186 589 2235; x_wconf 75' lang='lat' dir='ltr'>dicuutur</span> <span class='ocrx_word' id='word_1_184' title='bbox 605 2185 691 2248; x_wconf 80' lang='lat' dir='ltr'>capilli</span> <span class='ocrx_word' id='word_1_185' title='bbox 707 2203 763 2234; x_wconf 85' lang='lat' dir='ltr'>eum</span> <span class='ocrx_word' id='word_1_186' title='bbox 779 2187 942 2249; x_wconf 74' lang='lat' dir='ltr'>eliqudeurd</span> <span class='ocrx_word' id='word_1_187' title='bbox 967 2184 1104 2263; x_wconf 77' lang='lat' dir='ltr'>compositi.</span> <span class='ocrx_word' id='word_1_188' title='bbox 1131 2185 1240 2236; x_wconf 67' lang='lat' dir='ltr'>Attien-</span> 
     </span>
    </p>

    <p class='ocr_par' dir='ltr' id='par_1_15' title="bbox 356 2250 1264 2387">
     <span class='ocr_line' id='line_1_27' title="bbox 356 2250 1264 2321; baseline -0.002 -17"><span class='ocrx_word' id='word_1_189' title='bbox 356 2252 392 2304; x_wconf 89' lang='lat' dir='ltr'>sis</span> <span class='ocrx_word' id='word_1_190' title='bbox 417 2268 479 2320; x_wconf 83' lang='lat' dir='ltr'>ergo</span> <span class='ocrx_word' id='word_1_191' title='bbox 496 2260 584 2302; x_wconf 79' lang='lat' dir='ltr'>noster</span> <span class='ocrx_word' id='word_1_192' title='bbox 601 2250 734 2321; x_wconf 79' lang='lat' dir='ltr'>opificium</span> <span class='ocrx_word' id='word_1_193' title='bbox 751 2264 857 2310; x_wconf 76' lang='lat' dir='ltr'>comae,</span> <span class='ocrx_word' id='word_1_194' title='bbox 887 2253 942 2304; x_wconf 82' lang='lat' dir='ltr'>sive</span> <span class='ocrx_word' id='word_1_195' title='bbox 970 2252 1094 2320; x_wconf 79' lang='lat' dir='ltr'>capillos,</span> <span class='ocrx_word' id='word_1_196' title='bbox 1121 2251 1165 2303; x_wconf 84' lang='lat' dir='ltr'>vel</span> <span class='ocrx_word' id='word_1_197' title='bbox 1189 2270 1264 2302; x_wconf 78' lang='lat' dir='ltr'><strong>uu-·</strong></span> 
     </span>
     <span class='ocr_line' id='line_1_28' title="bbox 356 2316 1239 2387; baseline 0.001 -18"><span class='ocrx_word' id='word_1_198' title='bbox 356 2328 453 2387; x_wconf 80' lang='lat' dir='ltr'>guento</span> <span class='ocrx_word' id='word_1_199' title='bbox 471 2316 617 2377; x_wconf 82' lang='lat' dir='ltr'>delibutos,</span> <span class='ocrx_word' id='word_1_200' title='bbox 645 2317 786 2370; x_wconf 70' lang='lat' dir='ltr'>ueletiam</span> <span class='ocrx_word' id='word_1_201' title='bbox 813 2318 1017 2378; x_wconf 78' lang='lat' dir='ltr'>calamistratos,</span> <span class='ocrx_word' id='word_1_202' title='bbox 1046 2317 1148 2369; x_wconf 75' lang='lat' dir='ltr'>curiose</span> <span class='ocrx_word' id='word_1_203' title='bbox 1171 2324 1239 2370; x_wconf 75' lang='lat' dir='ltr'>certe</span> 
     </span>
    </p>

    <p class='ocr_par' dir='ltr' id='par_1_16' title="bbox 355 2381 1241 2454">
     <span class='ocr_line' id='line_1_29' title="bbox 355 2381 1241 2454; baseline 0.001 -19"><span class='ocrx_word' id='word_1_204' title='bbox 355 2402 386 2435; x_wconf 81' lang='lat' dir='ltr'>ue</span> <span class='ocrx_word' id='word_1_205' title='bbox 404 2384 510 2434; x_wconf 80' lang='lat' dir='ltr'>solerter</span> <span class='ocrx_word' id='word_1_206' title='bbox 527 2383 684 2454; x_wconf 74' lang='lat' dir='ltr'>compositos</span> <span class='ocrx_word' id='word_1_207' title='bbox 702 2384 829 2441; x_wconf 78' lang='lat' dir='ltr'>&#39;astabat.</span> <span class='ocrx_word' id='word_1_208' title='bbox 854 2381 1075 2454; x_wconf 80' lang='lat' dir='ltr'>quemadmodum</span> <span class='ocrx_word' id='word_1_209' title='bbox 1096 2386 1184 2453; x_wconf 86' lang='lat' dir='ltr'>jubam</span> <span class='ocrx_word' id='word_1_210' title='bbox 1201 2389 1241 2452; x_wconf 86' lang='lat' dir='ltr'>ja-</span> 
     </span>
    </p>

    <p class='ocr_par' dir='ltr' id='par_1_17' title="bbox 349 2449 1240 2521">
     <span class='ocr_line' id='line_1_30' title="bbox 349 2449 1240 2521; baseline 0.003 -22"><span class='ocrx_word' id='word_1_211' title='bbox 349 2461 425 2505; x_wconf 75' lang='lat' dir='ltr'>‚etate</span> <span class='ocrx_word' id='word_1_212' title='bbox 448 2451 515 2500; x_wconf 88' lang='lat' dir='ltr'>solet</span> <span class='ocrx_word' id='word_1_213' title='bbox 540 2450 622 2520; x_wconf 79' lang='lat' dir='ltr'>equus</span> <span class='ocrx_word' id='word_1_214' title='bbox 650 2459 689 2501; x_wconf 88' lang='lat' dir='ltr'>stu</span> <span class='ocrx_word' id='word_1_215' title='bbox 712 2451 735 2500; x_wconf 87' lang='lat' dir='ltr'>&#39;o</span> <span class='ocrx_word' id='word_1_216' title='bbox 767 2450 890 2505; x_wconf 82' lang='lat' dir='ltr'>currendi</span> <span class='ocrx_word' id='word_1_217' title='bbox 912 2449 1096 2502; x_wconf 83' lang='lat' dir='ltr'>iullemmatus.</span> <span class='ocrx_word' id='word_1_218' title='bbox 1143 2451 1240 2521; x_wconf 81' lang='lat' dir='ltr'>(Bouto</span> 
     </span>
    </p>

    <p class='ocr_par' dir='ltr' id='par_1_18' title="bbox 358 2512 1241 2585">
     <span class='ocr_line' id='line_1_31' title="bbox 358 2512 1241 2585; baseline 0.002 -21"><span class='ocrx_word' id='word_1_219' title='bbox 358 2515 507 2585; x_wconf 81' lang='lat' dir='ltr'>christoph.</span> <span class='ocrx_word' id='word_1_220' title='bbox 522 2516 608 2573; x_wconf 77' lang='lat' dir='ltr'>Wase</span> <span class='ocrx_word' id='word_1_221' title='bbox 623 2516 652 2566; x_wconf 83' lang='lat' dir='ltr'>in</span> <span class='ocrx_word' id='word_1_222' title='bbox 668 2517 709 2569; x_wconf 85' lang='lat' dir='ltr'>ed·</span> <span class='ocrx_word' id='word_1_223' title='bbox 727 2518 840 2583; x_wconf 64' lang='lat' dir='ltr'>[tandin.</span> <span class='ocrx_word' id='word_1_224' title='bbox 858 2516 920 2569; x_wconf 79' lang='lat' dir='ltr'>anni</span> <span class='ocrx_word' id='word_1_225' title='bbox 937 2518 1015 2569; x_wconf 82' lang='lat'>1668:</span> <span class='ocrx_word' id='word_1_226' title='bbox 1023 2519 1051 2580; x_wconf 86' lang='lat' dir='ltr'><em>j</em></span> <span class='ocrx_word' id='word_1_227' title='bbox 1070 2512 1178 2583; x_wconf 75' lang='lat' dir='ltr'>efficium</span> <span class='ocrx_word' id='word_1_228' title='bbox 1195 2538 1241 2567; x_wconf 87' lang='lat' dir='ltr'>eo-</span> 
     </span>
    </p>

    <p class='ocr_par' dir='ltr' id='par_1_19' title="bbox 356 2583 938 2650">
     <span class='ocr_line' id='line_1_32' title="bbox 356 2583 938 2650; baseline 0.002 -17"><span class='ocrx_word' id='word_1_229' title='bbox 356 2601 424 2643; x_wconf 79' lang='lat' dir='ltr'>mes,</span> <span class='ocrx_word' id='word_1_230' title='bbox 442 2583 568 2635; x_wconf 84' lang='lat' dir='ltr'>comitans</span> <span class='ocrx_word' id='word_1_231' title='bbox 584 2583 728 2634; x_wconf 84' lang='lat' dir='ltr'>Tiberium.</span> <span class='ocrx_word' id='word_1_232' title='bbox 764 2587 811 2650; x_wconf 85' lang='lat' dir='ltr'>B.)</span> <span class='ocrx_word' id='word_1_233' title='bbox 935 2610 938 2614; x_wconf 57' lang='lat'>&gt;</span> 
     </span>
    </p>
   </div>
   <div class='ocr_carea' id='block_1_6' title="bbox 305 2662 1253 3210">
    <p class='ocr_par' dir='ltr' id='par_1_20' title="bbox 305 2662 1253 3144">
     <span class='ocr_line' id='line_1_33' title="bbox 305 2662 1253 2743; baseline -0.004 -17"><span class='ocrx_word' id='word_1_234' title='bbox 305 2706 309 2719; x_wconf 88' lang='lat'><em>·</em></span> <span class='ocrx_word' id='word_1_235' title='bbox 357 2662 359 2667; x_wconf 36' lang='lat'><strong><em>¹</em></strong></span> <span class='ocrx_word' id='word_1_236' title='bbox 399 2673 447 2726; x_wconf 67' lang='lat' dir='ltr'>ali.</span> <span class='ocrx_word' id='word_1_237' title='bbox 466 2673 560 2722; x_wconf 87' lang='lat' dir='ltr'>Alium</span> <span class='ocrx_word' id='word_1_238' title='bbox 576 2673 601 2723; x_wconf 85' lang='lat' dir='ltr'>iu</span> <span class='ocrx_word' id='word_1_239' title='bbox 618 2672 734 2741; x_wconf 69' lang='lat' dir='ltr'>sistram]</span> <span class='ocrx_word' id='word_1_240' title='bbox 767 2673 854 2734; x_wconf 81' lang='lat' dir='ltr'>Xisti.</span> <span class='ocrx_word' id='word_1_241' title='bbox 880 2673 925 2743; x_wconf 87' lang='lat' dir='ltr'>qui</span> <span class='ocrx_word' id='word_1_242' title='bbox 942 2682 968 2722; x_wconf 87' lang='lat' dir='ltr'>et</span> <span class='ocrx_word' id='word_1_243' title='bbox 987 2671 1062 2741; x_wconf 68' lang='lat' dir='ltr'>Xista</span> <span class='ocrx_word' id='word_1_244' title='bbox 1079 2671 1253 2733; x_wconf 81' lang='lat' dir='ltr'>dicebantur,-</span> 
     </span>
     <span class='ocr_line' id='line_1_34' title="bbox 356 2731 1240 2810; baseline -0.002 -17"><span class='ocrx_word' id='word_1_245' title='bbox 356 2758 410 2793; x_wconf 87' lang='lat' dir='ltr'>nou</span> <span class='ocrx_word' id='word_1_246' title='bbox 426 2739 506 2793; x_wconf 91' lang='lat' dir='ltr'>modo</span> <span class='ocrx_word' id='word_1_247' title='bbox 523 2749 606 2791; x_wconf 85' lang='lat' dir='ltr'>tectae</span> <span class='ocrx_word' id='word_1_248' title='bbox 621 2739 738 2810; x_wconf 83' lang='lat' dir='ltr'>porticus</span> <span class='ocrx_word' id='word_1_249' title='bbox 755 2751 843 2803; x_wconf 82' lang='lat' dir='ltr'>erant,</span> <span class='ocrx_word' id='word_1_250' title='bbox 872 2739 917 2793; x_wconf 88' lang='lat' dir='ltr'>sed</span> <span class='ocrx_word' id='word_1_251' title='bbox 932 2738 986 2790; x_wconf 84' lang='lat' dir='ltr'>loci</span> <span class='ocrx_word' id='word_1_252' title='bbox 1003 2731 1081 2789; x_wconf 88' lang='lat' dir='ltr'>etiam</span> <span class='ocrx_word' id='word_1_253' title='bbox 1097 2738 1240 2810; x_wconf 86' lang='lat' dir='ltr'>porticibus</span> 
     </span>
     <span class='ocr_line' id='line_1_35' title="bbox 356 2801 1241 2886; baseline -0.002 -28"><span class='ocrx_word' id='word_1_254' title='bbox 356 2807 448 2879; x_wconf 86' lang='lat' dir='ltr'>attigui</span> <span class='ocrx_word' id='word_1_255' title='bbox 466 2816 492 2858; x_wconf 91' lang='lat' dir='ltr'>et</span> <span class='ocrx_word' id='word_1_256' title='bbox 507 2805 649 2875; x_wconf 72' lang='lat' dir='ltr'>=arboribus</span> <span class='ocrx_word' id='word_1_257' title='bbox 670 2807 826 2886; x_wconf 75' lang='lat' dir='ltr'>plerumque</span> <span class='ocrx_word' id='word_1_258' title='bbox 848 2804 941 2858; x_wconf 78' lang='lat' dir='ltr'>consiti</span> <span class='ocrx_word' id='word_1_259' title='bbox 951 2842 958 2876; x_wconf 71' lang='lat'>².</span> <span class='ocrx_word' id='word_1_260' title='bbox 969 2803 1011 2856; x_wconf 93' lang='lat' dir='ltr'>in</span> <span class='ocrx_word' id='word_1_261' title='bbox 1029 2801 1121 2876; x_wconf 80' lang='lat' dir='ltr'>quibus</span> <span class='ocrx_word' id='word_1_262' title='bbox 1138 2805 1241 2856; x_wconf 84' lang='lat' dir='ltr'>lustau-</span> 
     </span>
     <span class='ocr_line' id='line_1_36' title="bbox 357 2871 1241 2945; baseline -0.001 -22"><span class='ocrx_word' id='word_1_263' title='bbox 357 2872 407 2934; x_wconf 76' lang='lat' dir='ltr'>do,</span> <span class='ocrx_word' id='word_1_264' title='bbox 425 2884 470 2924; x_wconf 88' lang='lat' dir='ltr'>aut</span> <span class='ocrx_word' id='word_1_265' title='bbox 486 2873 572 2925; x_wconf 90' lang='lat' dir='ltr'>simile</span> <span class='ocrx_word' id='word_1_266' title='bbox 589 2871 652 2944; x_wconf 89' lang='lat' dir='ltr'>quid</span> <span class='ocrx_word' id='word_1_267' title='bbox 669 2890 723 2925; x_wconf 86' lang='lat' dir='ltr'>rem</span> <span class='ocrx_word' id='word_1_268' title='bbox 739 2873 840 2943; x_wconf 83' lang='lat' dir='ltr'>agendo</span> <span class='ocrx_word' id='word_1_269' title='bbox 862 2882 1041 2941; x_wconf 71' lang='lat' dir='ltr'>exercerentur=</span> <span class='ocrx_word' id='word_1_270' title='bbox 1057 2889 1180 2945; x_wconf 78' lang='lat' dir='ltr'>oorpora3</span> <span class='ocrx_word' id='word_1_271' title='bbox 1198 2873 1241 2943; x_wconf 74' lang='lat' dir='ltr'>rel</span> 
     </span>
     <span class='ocr_line' id='line_1_37' title="bbox 357 2893 1241 3012; baseline -0.003 -21"><span class='ocrx_word' id='word_1_272' title='bbox 357 2950 446 3001; x_wconf 78' lang='lat' dir='ltr'>eraut.</span> <span class='ocrx_word' id='word_1_273' title='bbox 463 2951 494 2991; x_wconf 88' lang='lat' dir='ltr'>ut</span> <span class='ocrx_word' id='word_1_274' title='bbox 508 2941 537 2992; x_wconf 91' lang='lat' dir='ltr'>in</span> <span class='ocrx_word' id='word_1_275' title='bbox 553 2940 603 2992; x_wconf 73' lang='lat' dir='ltr'>hie</span> <span class='ocrx_word' id='word_1_276' title='bbox 620 2893 698 3001; x_wconf 71' lang='lat' dir='ltr'>ulla.</span> <span class='ocrx_word' id='word_1_277' title='bbox 718 2939 812 3012; x_wconf 85' lang='lat' dir='ltr'>plantis</span> <span class='ocrx_word' id='word_1_278' title='bbox 829 2949 855 2990; x_wconf 91' lang='lat' dir='ltr'>et</span> <span class='ocrx_word' id='word_1_279' title='bbox 870 2938 978 2999; x_wconf 80' lang='lat' dir='ltr'>floribus</span> <span class='ocrx_word' id='word_1_280' title='bbox 994 2938 1102 2991; x_wconf 84' lang='lat' dir='ltr'>vestitae</span> <span class='ocrx_word' id='word_1_281' title='bbox 1119 2939 1192 2998; x_wconf 83' lang='lat' dir='ltr'>viae,</span> <span class='ocrx_word' id='word_1_282' title='bbox 1210 2955 1241 2989; x_wconf 87' lang='lat' dir='ltr'>ae</span> 
     </span>
     <span class='ocr_line' id='line_1_38' title="bbox 356 3004 1241 3070; baseline -0.001 -15"><span class='ocrx_word' id='word_1_283' title='bbox 356 3006 609 3070; x_wconf 79' lang='lat' dir='ltr'>deambulationibus</span> <span class='ocrx_word' id='word_1_284' title='bbox 636 3008 855 3060; x_wconf 80' lang='lat' dir='ltr'>accommodatae·</span> <span class='ocrx_word' id='word_1_285' title='bbox 904 3004 973 3061; x_wconf 87' lang='lat' dir='ltr'>Vide</span> <span class='ocrx_word' id='word_1_286' title='bbox 1007 3005 1178 3057; x_wconf 85' lang='lat' dir='ltr'>Philandrum</span> <span class='ocrx_word' id='word_1_287' title='bbox 1208 3006 1241 3055; x_wconf 87' lang='lat' dir='ltr'>ad</span> 
     </span>
     <span class='ocr_line' id='line_1_39' title="bbox 356 3069 1240 3144; baseline 0.002 -23"><span class='ocrx_word' id='word_1_288' title='bbox 356 3072 461 3125; x_wconf 81' lang='lat' dir='ltr'>Vitruv-</span> <span class='ocrx_word' id='word_1_289' title='bbox 494 3073 623 3136; x_wconf 78' lang='lat' dir='ltr'>Lib..V.,</span> <span class='ocrx_word' id='word_1_290' title='bbox 646 3091 703 3144; x_wconf 86' lang='lat' dir='ltr'>cap.</span> <span class='ocrx_word' id='word_1_291' title='bbox 725 3089 781 3132; x_wconf 82' lang='lat'>11.‚</span> <span class='ocrx_word' id='word_1_292' title='bbox 807 3082 833 3122; x_wconf 88' lang='lat' dir='ltr'>et</span> <span class='ocrx_word' id='word_1_293' title='bbox 849 3071 1005 3124; x_wconf 77' lang='lat' dir='ltr'>salmasium</span> <span class='ocrx_word' id='word_1_294' title='bbox 1027 3073 1061 3123; x_wconf 88' lang='lat' dir='ltr'>ad</span> <span class='ocrx_word' id='word_1_295' title='bbox 1085 3069 1240 3141; x_wconf 39' lang='lat' dir='ltr'>Tertullinus</span> 
     </span>
    </p>

    <p class='ocr_par' dir='ltr' id='par_1_21' title="bbox 342 3136 1072 3210">
     <span class='ocr_line' id='line_1_40' title="bbox 342 3136 1072 3210; baseline 0.001 -22"><span class='ocrx_word' id='word_1_296' title='bbox 342 3140 387 3188; x_wconf 78' lang='lat' dir='ltr'>’de</span> <span class='ocrx_word' id='word_1_297' title='bbox 404 3139 509 3201; x_wconf 79' lang='lat' dir='ltr'>Pollio,</span> <span class='ocrx_word' id='word_1_298' title='bbox 527 3158 588 3210; x_wconf 84' lang='lat' dir='ltr'>pag.</span> <span class='ocrx_word' id='word_1_299' title='bbox 604 3141 669 3201; x_wconf 78' lang='lat'>230,</span> <span class='ocrx_word' id='word_1_300' title='bbox 687 3140 752 3202; x_wconf 81' lang='lat'>231,</span> <span class='ocrx_word' id='word_1_301' title='bbox 771 3136 894 3192; x_wconf 86' lang='lat' dir='ltr'>editionis</span> <span class='ocrx_word' id='word_1_302' title='bbox 910 3138 1072 3191; x_wconf 87' lang='lat' dir='ltr'>Parisiensis.</span> 
     </span>
    </p>
   </div>
   <div class='ocr_carea' id='block_1_7' title="bbox 358 3228 1242 3506">
    <p class='ocr_par' dir='ltr' id='par_1_22' title="bbox 358 3228 1242 3506">
     <span class='ocr_line' id='line_1_41' title="bbox 407 3228 1240 3305; baseline -0.001 -23"><span class='ocrx_word' id='word_1_303' title='bbox 407 3245 446 3297; x_wconf 89' lang='lat'>19.</span> <span class='ocrx_word' id='word_1_304' title='bbox 464 3232 577 3297; x_wconf 78' lang='lat' dir='ltr'>Itemque</span> <span class='ocrx_word' id='word_1_305' title='bbox 594 3230 733 3298; x_wconf 70' lang='lat' dir='ltr'>intelligit]</span> <span class='ocrx_word' id='word_1_306' title='bbox 766 3228 867 3293; x_wconf 82' lang='lat' dir='ltr'>idest,</span> <span class='ocrx_word' id='word_1_307' title='bbox 892 3230 1032 3305; x_wconf 73' lang='lat' dir='ltr'>perspirit,</span> <span class='ocrx_word' id='word_1_308' title='bbox 1059 3234 1121 3300; x_wconf 82' lang='lat' dir='ltr'>quas</span> <span class='ocrx_word' id='word_1_309' title='bbox 1148 3229 1240 3284; x_wconf 29' lang='lat' dir='ltr'>*animo</span> 
     </span>
     <span class='ocr_line' id='line_1_42' title="bbox 358 3297 1171 3367; baseline 0.007 -20"><span class='ocrx_word' id='word_1_310' title='bbox 358 3312 415 3367; x_wconf 81' lang='lat' dir='ltr'>spes</span> <span class='ocrx_word' id='word_1_311' title='bbox 433 3297 513 3367; x_wconf 82' lang='lat' dir='ltr'>agitet</span> <span class='ocrx_word' id='word_1_312' title='bbox 529 3299 577 3352; x_wconf 85' lang='lat' dir='ltr'>iste</span> <span class='ocrx_word' id='word_1_313' title='bbox 593 3297 731 3349; x_wconf 83' lang='lat' dir='ltr'>Attiensis.</span> <span class='ocrx_word' id='word_1_314' title='bbox 1153 3348 1171 3359; x_wconf 82' lang='lat'>,.</span> 
     </span>
     <span class='ocr_line' id='line_1_43' title="bbox 405 3385 1242 3506; baseline -0.004 -67"><span class='ocrx_word' id='word_1_315' title='bbox 405 3404 446 3439; x_wconf 81' lang='lat'>20·</span> <span class='ocrx_word' id='word_1_316' title='bbox 465 3390 492 3438; x_wconf 84' lang='lat' dir='ltr'>Is</span> <span class='ocrx_word' id='word_1_317' title='bbox 510 3388 669 3453; x_wconf 67' lang='lat' dir='ltr'>asperavit]</span> <span class='ocrx_word' id='word_1_318' title='bbox 694 3385 724 3436; x_wconf 91' lang='lat' dir='ltr'>ld</span> <span class='ocrx_word' id='word_1_319' title='bbox 742 3398 795 3438; x_wconf 87' lang='lat' dir='ltr'>est:</span> <span class='ocrx_word' id='word_1_320' title='bbox 813 3388 1008 3453; x_wconf 58' lang='lat' dir='ltr'>Ubiultriensis</span> <span class='ocrx_word' id='word_1_321' title='bbox 1017 3404 1179 3506; x_wconf 51' lang='lat' dir='ltr'>gorsuasum</span> <span class='ocrx_word' id='word_1_322' title='bbox 1196 3387 1242 3437; x_wconf 83' lang='lat' dir='ltr'>lra-</span> 
     </span>
    </p>
   </div>
   <div class='ocr_carea' id='block_1_8' title="bbox 356 3452 1244 3591">
    <p class='ocr_par' dir='ltr' id='par_1_23' title="bbox 356 3452 1244 3591">
     <span class='ocr_line' id='line_1_44' title="bbox 356 3452 1244 3524; baseline -0.005 -21"><span class='ocrx_word' id='word_1_323' title='bbox 356 3452 416 3504; x_wconf 86' lang='lat' dir='ltr'>bere</span> <span class='ocrx_word' id='word_1_324' title='bbox 433 3452 505 3505; x_wconf 86' lang='lat' dir='ltr'>visus</span> <span class='ocrx_word' id='word_1_325' title='bbox 522 3465 575 3514; x_wconf 81' lang='lat' dir='ltr'>est,</span> <span class='ocrx_word' id='word_1_326' title='bbox 600 3452 715 3505; x_wconf 87' lang='lat' dir='ltr'>nuntiari</span> <span class='ocrx_word' id='word_1_327' title='bbox 733 3455 782 3505; x_wconf 87' lang='lat' dir='ltr'>sibi</span> <span class='ocrx_word' id='word_1_328' title='bbox 796 3455 896 3524; x_wconf 88' lang='lat' dir='ltr'>aliquid</span> <span class='ocrx_word' id='word_1_329' title='bbox 912 3456 984 3507; x_wconf 87' lang='lat' dir='ltr'>boni.</span> <span class='ocrx_word' id='word_1_330' title='bbox 1032 3457 1077 3505; x_wconf 77' lang='lat' dir='ltr'>&#39;on</span> <span class='ocrx_word' id='word_1_331' title='bbox 1094 3455 1133 3511; x_wconf 75' lang='lat' dir='ltr'>is,</span> <span class='ocrx_word' id='word_1_332' title='bbox 1152 3452 1197 3503; x_wconf 87' lang='lat' dir='ltr'>sed</span> <span class='ocrx_word' id='word_1_333' title='bbox 1215 3453 1244 3499; x_wconf 82' lang='lat' dir='ltr'>id</span> 
     </span>
     <span class='ocr_line' id='line_1_45' title="bbox 356 3517 1241 3591; baseline -0.003 -21"><span class='ocrx_word' id='word_1_334' title='bbox 356 3519 385 3570; x_wconf 86' lang='lat' dir='ltr'>in</span> <span class='ocrx_word' id='word_1_335' title='bbox 401 3517 459 3572; x_wconf 90' lang='lat' dir='ltr'>aliis</span> <span class='ocrx_word' id='word_1_336' title='bbox 476 3519 633 3573; x_wconf 86' lang='lat' dir='ltr'>editionibus</span> <span class='ocrx_word' id='word_1_337' title='bbox 642 3519 760 3591; x_wconf 72' lang='lat' dir='ltr'>¹legitut:</span> <span class='ocrx_word' id='word_1_338' title='bbox 792 3533 818 3572; x_wconf 83' lang='lat' dir='ltr'>at</span> <span class='ocrx_word' id='word_1_339' title='bbox 835 3540 894 3575; x_wconf 85' lang='lat' dir='ltr'>eum</span> <span class='ocrx_word' id='word_1_340' title='bbox 919 3533 1010 3575; x_wconf 86' lang='lat' dir='ltr'>neutra</span> <span class='ocrx_word' id='word_1_341' title='bbox 1028 3523 1120 3572; x_wconf 87' lang='lat' dir='ltr'>harum</span> <span class='ocrx_word' id='word_1_342' title='bbox 1137 3518 1241 3570; x_wconf 77' lang='lat' dir='ltr'>vocula·</span> 
     </span>
    </p>
   </div>
   <div class='ocr_carea' id='block_1_9' title="bbox 0 0 1296 4020">
    <p class='ocr_par' dir='ltr' id='par_1_24' title="bbox 0 0 1296 4020">
     <span class='ocr_line' id='line_1_46' title="bbox 0 0 1296 4020; baseline 0 0"><span class='ocrx_word' id='word_1_343' title='bbox 0 0 1296 4020; x_wconf 95' lang='lat' dir='ltr'> </span> 
     </span>
    </p>
   </div>
  </div>
 </body>
</html>
