2572 4020
154 276 176 315 x
416 240 423 245 ’
481 249 726 313 PRAEFATIO.

154 415 253 481 lebrcs
274 416 382 479 fierent
403 415 528 500 nuptiae:
551 430 581 476 at
602 416 706 494 Ranae,
728 415 759 479 id
780 430 825 480 cst
840 416 983 478 universus
1004 415 1056 478 ia·

154 500 255 562 miliae
276 501 440 575 Romanae,
461 500 589 582 quarum
604 500 676 573 sot,
700 499 801 574 idest,
823 501 961 581 Sejanus,
983 507 1055 561 om‘*

85 612 87 617 v
153 582 330 658 nosiacus,
366 583 476 660 idest,
506 603 609 644 omnes
630 582 736 644 domos
758 581 968 656 exhauriebat,
997 583 1055 644 lo-

144 687 231 742 rem,
254 664 284 726 id
306 679 361 738 est,
385 664 542 728 Tiberium
555 665 670 727 efficaci
683 665 803 728 taudem
823 663 945 748 querela
963 683 1074 731 coms.

88 812 90 817 ,
151 744 331 822 moverunt,
353 762 387 810 ut
408 748 556 810 nefarium
577 749 948 830 incoeptumdisturbaret.
1045 798 1048 804 ,
1070 775 1075 791 ,

215 830 304 905 Haud
319 830 421 892 multo
442 843 509 913 post
529 832 654 893 excessit
673 831 771 893 Romi
792 830 948 904 Tiberius,
970 849 1052 890 nun·

152 914 329 995 quam'eam
350 914 516 992 revisurus5
544 929 575 975 ct
596 915 723 995 Capreas
744 936 775 976 se
796 915 825 975 in
847 911 973 974 insulam
995 915 1053 974 ab·

150 996 234 1056 didit.
256 999 364 1058 *Tunc
384 996 484 1071 fortis,
519 997 684 1078 composita
713 997 769 1059 sibi
791 996 951 1077 amicisque
981 1007 1052 1056 tan·

151 1079 234 1152 tium,
257 1078 364 1140 tradita
385 1080 416 1140 in
438 1099 543 1140 manus
560 1079 758 1141 multitudinis
780 1080 871 1141 fuerit
893 1075 1002 1139 fabella
1015 1081 1051 1160 n)

151 1161 188 1222 de
209 1163 299 1223 Ranis
325 1164 440 1246 Regem
460 1155 639 1243 petentibus.
684 1164 774 1239 Quod
808 1162 860 1224 ubi
894 1161 1050 1222 resciverit

150 1245 289 1324 Sejanus,
312 1245 500 1307 occasionem
521 1244 600 1304 banc
621 1244 801 1323 arripuerit,
830 1258 864 1305 ut
885 1243 1048 1322 injuriam,

149 1347 238 1408 quam
260 1348 298 1389 ex
319 1327 413 1390 alteris
436 1325 545 1388 fabella
566 1345 661 1404 nuper
683 1340 854 1403 acceperat,
886 1325 1049 1388 ulciscere-

76 1424 102 1446 *
151 1423 216 1483 tur,
249 1424 280 1472 et
300 1424 471 1480 aecusator,
505 1408 642 1486 testisque
669 1426 705 1465 ac
737 1407 826 1485 judex
857 1417 942 1466 reu‘m
973 1407 1047 1468 laesae

150 1493 311 1569 Majestatis
332 1495 360 1569 o)
396 1487 552 1548 Phaedrum
582 1490 724 1560 damnare
759 1501 897 1548 tentaret.
947 1493 1048 1568 Atque

149 1573 199 1633 bic
221 1572 342 1654 quidem
364 1569 603 1644 observabimus,
625 1572 755 1650 putuisse
774 1570 932 1631 Tiberium
953 1591 1047 1651 parvo

149 1657 202 1714 ttto
225 1653 343 1734 tigillo,
376 1651 457 1736 quod
478 1654 569 1712 Ranae
590 1653 748 1735 inquinant
776 1654 861 1714 omni
886 1666 1047 1714 contume-

149 1735 209 1809 lia,
231 1755 299 1796 non‘
314 1735 414 1817 ineptit
435 1735 601 1818 designari:
625 1735 711 1796 ilium
732 1737 813 1797 enim
835 1738 987 1811 Romani,
1009 1755 1046 1796 ac

147 1837 209 1898 prae
229 1818 336 1879 ceteris
357 1820 457 1881 Duces
477 1819 683 1894 exercituum,
706 1819 890 1902 militesque,
912 1832 943 1881 et
963 1817 1046 1880 mul·

148 1914 181 1962 to
202 1901 292 1961 etiam
314 1903 409 1983 magis
434 1902 531 1964 sociae
552 1904 663 1963 Gentes
685 1904 837 2004 aspernari
858 1901 904 1964 his
926 1890 1050 1985 potissi-²

148 1983 233 2043 mum
256 1985 439 2066 temporibus
459 1997 636 2066 coeperunt,
671 1984 752 2067 quod
779 1986 897 2066 imperii
924 1985 1044 2047 clavum

147 2067 284 2128 deserere
305 2067 455 2129 videretur
467 2112 477 2142 ,
509 2080 540 2128 et
561 2067 684 2149 ignavus
719 2071 907 2148 Caprearum
935 2069 975 2148 p)
1012 2072 1043 2125 in

148 2172 221 2228 rupe
241 2151 376 2221 sederet,
399 2163 488 2231 atque
511 2149 654 2212 otiaretur
677 2163 777 2212 tutore
798 2152 914 2230 Sejano.
956 2151 1044 2210 Tunc

147 2236 259 2306 etiam,
295 2246 329 2293 ut
349 2232 452 2312 prodit
472 2233 593 2294 Tacitus
615 2236 650 2315 q)
663 2279 671 2308 ,
707 2237 900 2302 contumelioe
922 2236 955 2291 in
975 2254 1048 2290 eum

146 2315 259 2374 dictoe:
280 2314 374 2375 immo
395 2316 531 2378 nuntiata
551 2317 607 2397 ipsi
629 2317 762 2397 probra,
784 2317 894 2396 quibus
916 2336 973 2394 per
992 2335 1043 2372 oc-

146 2400 263 2455 cultum
284 2397 495 2473 lacerabatur,·
523 2412 553 2458 et
563 2402 658 2480 fluxu
679 2404 762 2458 senio
783 2421 867 2458 mens
889 2395 1042 2478 aliquanto

144 2491 212 2558 post
235 2480 255 2536 ὰ
274 2481 420 2538 Fulcinio
444 2485 554 2541 Trione
574 2483 700 2560 objectu,
745 2479 801 2541 lile
818 2494 927 2552 tamen,
945 2500 1043 2561 quun-

145 2558 255 2621 tumvis
275 2561 372 2623 factus
393 2563 484 2624 fuerit
504 2566 625 2644 ignarus
647 2577 677 2624 et
698 2560 808 2636 futilis,
830 2561 958 2624 crudelis
979 2581 1043 2624 esse

145 2663 208 2703 non
228 2643 366 2706 destititz'
381 2661 412 2706 at
434 2645 588 2720 Phoedrus,
610 2645 718 2707 omissa
740 2645 925 2721 crudelitate,
948 2644 1043 2707 solam

58 2729 60 2733 ’
145 2727 208 2807 ejus
230 2725 421 2788 inutilitatem
442 2722 578 2790 deridere
599 2729 703 2790 voluit.

194 2809 313 2872 *Plures
334 2806 430 2885 alios,
452 2824 487 2871 ut
506 2813 567 2889 jam
588 2812 829 2892 premonuimus,
851 2807 964 2871 Auctor
985 2830 1043 2872 no·

143 2904 205 2952 ster
226 2892 411 2954 offenderat:
434 2893 516 2975 quod
537 2907 568 2954 et
589 2895 671 2975 ipse,
693 2893 764 2954 cium
785 2891 874 2953 variis
894 2892 924 2951 in
946 2891 1038 2967 iocis,

144 2988 209 3034 tum
231 2977 395 3054 prasertim
425 2977 458 3036 in
479 2976 591 3038 fabella
611 2978 663 3038 sub
697 2975 802 3037 ultimi
824 2973 860 3035 ad
893 2973 1042 3036 Phiietum

143 3055 181 3118 dc
212 3057 294 3120 Cane
326 3072 356 3120 et
389 3058 541 3144 venatore
572 3059 740 3142 significare
774 3057 910 3120 videtur:
942 3057 1042 3120 veriiu

106 3384 112 3408 t
192 3308 221 3438 iii
237 3302 486 3452 iibitii⁹,fa14baa2il.
504 3371 535 3424 L.
553 3370 591 3430 1.‚
614 3388 638 3423 c.
656 3387 715 3437 72.,
733 3365 766 3424 dc
786 3352 892 3430 Tiberio
912 3324 1042 3448 loqitenst

144 3433 253 3508 legem,
273 3450 375 3510 mqust,
393 3451 534 3509 mqestatts
551 3439 695 3493 redimerat.

191 3509 222 3574 p)
238 3506 385 3565 luvenalis,
404 3508 460 3557 Sat.
476 3521 536 3568 ·10.,
555 3523 582 3558 r.
598 3506 640 3572 93.

193 3579 221 3641 q)
238 3574 341 3629 Annal.
360 3573 391 3626 L.
410 3573 468 3636 lv,
488 3593 510 3626 c.
529 3588 583 3641 42..
602 3583 628 3624 et
645 3573 675 3625 L.
694 3575 752 3639 VL,
771 3595 795 3629 c.
814 3577 854 3631 38.
