2572 4020
538 239 701 304 ulstvu.
723 240 749 304 I.
1061 268 1095 308 rx
1252 268 1256 291 ⁸

276 405 381 469 Palam
403 406 514 468 mutire
536 405 654 488 plebajo
674 407 843 490 periculum
864 424 918 472 ost.

195 490 284 570 Nunc
305 492 497 552 autem‘scire
518 491 542 550 si
559 491 646 565 valis,
669 495 728 573 quai
750 491 799 553 ille
822 493 881 552 vitai
900 507 1016 555 tanturn
1037 493 1095 557 sibi

195 575 396 646 infortunium
417 572 620 648 accessisent,
654 594 692 634 en
713 576 841 655 seipsum
873 577 943 637 mali
973 578 1018 638 sui
1040 598 1095 637 au·

194 672 310 720 ctorem
339 669 370 718 ct
390 655 590 716 architectum
609 655 720 719 fatetur
743 660 777 718 1..
791 659 861 735 tlt,
888 658 968 720 Prol.
989 682 1016 721 v.
1031 660 1093 735 38,

196 741 247 804 ubi
269 741 419 822 Aesopum
440 757 611 798 memorans
631 738 720 801 dicit:
776 762 800 790 ··

276 824 344 906 Ego
365 817 459 904 porri)
480 819 560 880 illius
580 823 684 882 semita
706 823 764 884 leci
785 821 885 900 viam,

277 906 317 968 Et
338 903 467 986 cogitavi
489 900 595 984 plura,
618 905 708 984 quim
730 901 907 986 reliquerat,

260 991 314 1055 ,ln
336 987 537 1048 calamitatem
559 983 692 1066 deligens
712 987 847 1069 quedam
868 1009 976 1049 meam.

177 1071 347 1151 'Quasdam
369 1066 507 1129 videlicit
528 1066 545 1125 le
567 1068 626 1128 suis
644 1067 837 1129 fabellisvult
858 1068 1001 1152 intelligi,
1024 1072 1095 1153 qui·

193 1154 251 1216 bus
271 1153 369 1232 Sejani
390 1152 577 1229 aliorumque
600 1151 658 1211 iras
678 1151 710 1211 in
724 1172 762 1227 ¹se
791 1150 994 1214 concitaverit.
1036 1156 1095 1216 Eas

195 1235 316 1318 quidem
337 1233 486 1316 assignare
507 1252 569 1291 nou
589 1232 684 1308 mihi,
718 1234 774 1294 nisi
805 1255 844 1294 ex
875 1237 958 1296 meru
989 1238 1095 1314 conje-

194 1321 298 1394 stura,
335 1316 423 1392 licet,
456 1316 509 1376 six
535 1327 635 1377 tamen
653 1336 775 1398 possum
803 1317 876 1398 quin
897 1317 1020 1398 prorsbs
1040 1338 1094 1379 ex·

192 1401 347 1475 istimem,
380 1398 449 1459 libri
471 1396 563 1480 primi
589 1412 703 1460 sextam
724 1400 761 1458 de
789 1398 859 1469 Sole
885 1413 916 1462 et
943 1400 1036 1459 Ranis
1057 1399 1094 1459 ad

193 1483 335 1545 invidiam
355 1483 463 1560 Seiano
499 1479 665 1542 faciendam
692 1481 894 1563 pertinuisse3
926 1479 1008 1564 qubd
1041 1482 1095 1540 Li·
1149 1492 1153 1501 '

192 1567 273 1630 viam
294 1564 366 1642 ille,
388 1563 449 1628 sive
471 1561 626 1639 hisillam,
658 1565 750 1625 Drusi
771 1564 900 1626 Neronis
922 1563 1095 1626 Germanici

192 1648 303 1725 filiam,
359 1667 414 1708 uae
435 1646 508 1726 Caio
531 1647 656 1726 Augusti
677 1648 797 1728 nepoti,
830 1668 963 1730 moxque
993 1648 1094 1708 Druso

191 1732 309 1794 Tiberii
329 1669 393 1791 {llio
415 1730 505 1790 unico
532 1741 618 1790 autea
645 1743 805 1809 nupserat,
827 1733 851 1810 l)
883 1750 1012 1791 uxorem
1033 1729 1096 1796 sibi
1124 1727 1127 1752 ³

191 1835 280 1874 ausus
301 1826 377 1875 esset
397 1809 566 1892 postulare,
598 1825 629 1872 et
650 1812 706 1872 ista
733 1811 897 1874 ambitione
926 1827 990 1873 tam
1011 1814 1096 1873 inso-

191 1894 284 1970 lenti,
318 1894 401 1990 vulgi
421 1914 595 1966 rumorem,
631 1893 734 1956 odium
755 1914 936 1976 procerum,
979 1893 1096 1957 Tiberii

192 1978 284 2061 ipsius
304 1976 486 2059 suspiciones
507 1976 670 2039 excitasset.
713 1978 800 2038 Hanc
825 1976 920 2059 porrb
940 1976 1094 2054 fabellam,

192 2063 277 2141 cujus
299 2060 454 2142 perspicua
486 2059 627 2120 brevitas-
642 2059 720 2121 mira
740 2081 812 2122 cum
840 2059 989 2142 elegantia
1019 2080 1096 2120 con·

191 2145 293 2224 juncta
314 2157 375 2216 est,
397 2143 546 2223 integram
568 2143 756 2222 referemus,
789 2157 821 2205 et
841 2157 976 2204 nostram
996 2142 1092 2224 subji'-
1187 2192 1189 2196 .

192 2225 305 2289 ciemus
326 2223 614 2304 interpretationem.
892 2226 894 2233 '

277 2308 378 2370 Vicini
399 2307 474 2367 furis
495 2304 629 2369 celebres
649 2306 724 2367 vidit
744 2306 862 2389 nuptias

272 2396 425 2472 Aesopus,
448 2403 478 2450 et
498 2390 643 2452 continuis
665 2410 788 2450 narrare
811 2388 927 2470 incipit.

337 2475 473 2535 Uxorem
495 2471 647 2555 quondam
668 2472 721 2533 Sol
742 2471 813 2532 cbm
834 2470 925 2534 vellet
945 2470 1073 2548 ducere,

276 2557 448 2620 Clamorem
463 2556 560 2616 llanae
580 2555 726 2618 sustulere
747 2553 783 2615 ad
806 2553 919 2616 Sidera.
973 2571 974 2577 ’

275 2640 421 2703 Convicio
442 2652 598 2719 permotus
619 2639 724 2722 quaerit
744 2638 859 2719 lupiter

275 2723 404 2785 Causam
425 2720 561 2803 querelae.
604 2720 748 2800 Quondam
769 2734 836 2780 tum
857 2720 956 2802 stagni
977 2717 1094 2780 incola:

275 2807 380 2881 Nunc,
403 2805 516 2886 inquit,
540 2826 645 2866 omnes
666 2825 744 2864 unus
764 2802 864 2864 exurit
884 2803 984 2877 lacus,

275 2889 423 2972 Cogitque
443 2887 565 2959 miseras
587 2885 670 2947 arirlb
690 2885 759 2965 sedp
778 2885 892 2946 emori:
928 2919 929 2923 =

277 2971 430 3050 Quidnam
451 2971 589 3032 futurum
609 2982 668 3043 ast,
692 2969 717 3029 si
737 2969 849 3029 crearit
868 2966 1001 3029 liberos?
1087 3008 1090 3012 -

194 3052 311 3122 Liuiam
343 3053 490 3114 adulterio
521 3065 698 3133 corrnperat
732 3051 870 3128 Sejanus,
905 3047 1094 3132 perpulerat-

195 3157 272 3217 que,
294 3148 328 3197 ut
348 3137 481 3196 Drusum
502 3137 661 3208 maritum,
684 3133 799 3195 Tiberii
821 3132 915 3193 filium
939 3135 980 3213 m)
1002 3152 1094 3190 vene-

195 3239 237 3279 no
258 3217 324 3279 tolli
344 3217 471 3280 sineret:
508 3232 597 3301 atque
618 3218 707 3279 ambo
735 3229 942 3297 speraverunt,
975 3234 1094 3274 moram

195 3320 317 3363 omnem
340 3301 428 3362 fuisse
449 3301 509 3363 hoc
530 3301 643 3365 scelere
663 3299 828 3376 sublatam,
859 3296 1020 3382 quominus
1040 3316 1094 3357 ce·

825 3433 1095 3450 anana-m

244 3500 266 3568 1)
283 3484 409 3552 Tacitus.
428 3498 531 3549 Annal.
550 3499 581 3551 1.
600 3500 667 3565 lv..
686 3519 709 3552 c.
726 3499 769 3568 39·
786 3507 812 3550 et
827 3514 869 3565 41,

243 3572 281 3634 m)
298 3567 384 3627 Tacit.
401 3564 467 3622 ibid.
485 3584 510 3619 c.
527 3567 569 3636 67.
