2572 4020
400 249 594 310 nrsunv.
741 290 785 308 -.
890 233 990 317 nt

59 416 106 481 Ut
121 418 252 504 quidam
272 414 408 490 artifices
424 431 534 480 nostro
551 416 669 482 faciunt
685 422 807 508 seculo,

62 507 130 610 Qui
141 510 281 590 pretium
297 505 444 588 operibus
461 507 564 595 majus
580 509 749 570 inveniunt
766 506 877 596 novis,
924 514 946 576 5

58 592 94 656 St
111 595 269 654 marmori
284 591 517 675 adscripserunt
534 589 726 672 Praxitelem
746 616 823 681 suo,

58 678 151 755 Trito
169 690 201 740 et
216 678 392 764 Myronem
414 691 561 763 argento,
583 676 697 740 tabulae
719 694 750 741 et
764 682 945 760 ‚Zeuxidem
1017 735 1018 739 ,

13 790 16 795 ’
57 764 138 842 Ideo
156 763 312 827 fuscatae:
332 764 404 848 plus
426 767 556 828 vetustis
570 785 648 826 uam
663 765 749 829 favet

40 850 188 916 'Invidia
206 848 359 936 mordax,
380 851 478 933 qnam
492 849 583 913 bonis
601 851 818 935 praesentibus.
857 872 859 875 ’

102 931 164 1001 Sin
177 940 247 1022 jam
265 936 474 1001 ad'l'abellam
490 937 560 999 talis
580 937 716 1022 exempli
736 939 845 1005 feror..

742 1092 940 1119 -r-x*

108 1197 133 1247 5.
155 1189 274 1259 Operibus
291 1192 371 1257 novis]
406 1191 437 1242 In
461 1188 604 1243 Codicilrus
621 1190 706 1242 MSS.
724 1199 751 1241 et
766 1192 793 1242 in
817 1191 947 1260 plerisque

59 1259 217 1312 editionibus
242 1257 338 1327 legitur
365 1276 444 1319 novo,
471 1257 509 1309 ita
523 1269 563 1309 'ut
585 1258 711 1309 referatur
732 1258 765 1308 ad
794 1269 947 1327 sequentem

59 1340 174 1379 versum.
208 1324 325 1396 Reposui
349 1325 434 1384 nouis,
461 1340 527 1394 quae
552 1325 688 1376 versatis
713 1325 781 1375 bella
807 1323 947 1394 opponitur

58 1393 137 1456 roci,
155 1393 270 1453 uetustis,
289 1399 367 1468 quam
391 1407 481 1443 versus
496 1402 602 1443 octavus
626 1391 737 1445 exhibet.
774 1391 842 1441 Cinn
859 1400 946 1442 autem

58 1469 195 1575 sequaptum
213 1477 332 1508 marmore
347 1460 409 1532 spo,
433 1456 496 1527 quid
513 1473 617 1510 necesse
635 1457 700 1520 fuit,
727 1467 757 1508 ut
773 1446 944 1526 adjiceretur,

56 1545 118 1578 novo
331 1552 332 1557 =

44 1657 46 1661 ,
107 1633 133 1684 7.
155 1615 224 1665 {lrito
242 1625 266 1664 et
282 1616 413 1680 Myronem
431 1619 546 1682 argento]
580 1613 658 1665 MSS.
688 1614 798 1666 Codices
823 1622 858 1664 et'
873 1623 945 1666 vete-

56 1690 99 1736 res
115 1681 244 1734 editiones
261 1681 332 1732 hune
347 1680 437 1733 locum
455 1698 561 1731 omnem
578 1681 614 1732 sie
631 1681 784 1732 adornatum
802 1677 947 1733 exhibente

124 1748 226 1803 Detrito
243 1749 384 1816 Myronem
400 1756 528 1817 argeuto;
544 1746 647 1798 fabulae
663 1746 802 1799 exaudiant

123 1814 199 1865 Adeo
216 1815 330 1891 fugatae.
397 1843 400 1848 ·
774 1828 775 1833 ’

58 1874 114 1960 Qui
129 1881 203 1932 loeus
220 1880 350 1950 Rigaltio,
368 1880 540 1940 Burmanno,
559 1889 585 1930 et
602 1879 659 1932 aliis
681 1899 728 1950 pro
747 1881 880 1952 desperato
898 1881 944 1932 ha-

56 1947 127 1999 bitus
144 1956 190 1998 est.
224 1946 281 1999 Nos
299 1948 417 2015 exemplo
442 1946 607 2017 quomndam
634 1947 792 1999 Criticorum
816 1946 944 2011 annunti,

58 2015 176 2066 deserere
192 2011 270 2064 illum
284 2012 481 2067 inemendatum
496 2013 640 2065 noluimus.
674 2013 765 2084 ltaque
782 2013 839 2063 trito
857 2024 879 2061 e:
896 2030 952 2082 pro*

57 2081 160 2140 detrito,
186 2080 279 2131 tabulas
295 2096 342 2151 pro
353 2080 477 2146 jobuloe,
501 2092 526 2130 et
555 2080 696 2132 Zeuxidem
719 2098 766 2152 pro
793 2080 946 2143 exaudiant,

55 2148 112 2198 ideo
130 2147 244 2215 fiucutoe
259 2164 307 2217 pro
324 2148 386 2196 adeo
400 2147 509 2217 firgatoe
533 2146 711 2226 reposuimus,
736 2147 839 2200 rectene
856 2163 890 2196 an
907 2163 946 2198 se·

57 2232 124 2275 cus,
148 2206 238 2283 peritis
264 2211 434 2284 judicandum
458 2213 638 2283 relinquimus.
674 2215 769 2266 Sensus
794 2215 870 2330 porro
887 2223 945 2264 est:

55 2281 78 2332 si
94 2294 256 2332 marmoreae
283 2290 399 2341 statuae,
427 2283 517 2332 reeens
545 2282 560 2329 ὲ
582 2290 668 2331 'semet
692 2281 755 2350 ipsis
779 2297 793 2331 e

40 2346 215 2399 ‘Praxitelem
238 2345 440 2417 inscripseruntr
462 2357 517 2398 aut
539 2347 678 2414 Myronem
702 2358 808 2416 argento
852 2346 942 2399 aulum

55 2414 161 2475 attrito,
192 2412 263 2482 quod
289 2413 340 2491 ipsi
365 2413 536 2484 sculpserint3
574 2413 618 2467 vel
645 2414 786 2464 Zeuxidem
815 2364 940 2476 tdrellae,

93 2498 136 2532 am
149 2489 178 2531 ,et
200 2479 332 2548 pinxerint
353 2481 444 2532 ethan
469 2481 561 2531 eidem
587 2480 619 2532 de
644 2484 719 2531 causa
741 2479 939 2532 insinuaverint.

83 2565 151 2614 yron
166 2545 294 2597 Praxitele
311 2546 385 2598 annis
402 2548 456 2598 fere
473 2557 532 2598 octo
552 2546 605 2598 ‘nta
630 2543 757 2600 vetustior
772 2547 938 2617 perhibetur:

54 2612 132 2664 illum
149 2612 254 2691 quidem
269 2612 388 2686 Plinius,
413 2614 484 2664 Hist.
507 2613 536 2662 Li
558 2649 564 2662 .
583 2613 708 2665 XXXIV.
719 2649 727 2674 ,
753 2633 810 2685 oap.
828 2614 853 2665 8.
872 2613 940 2664 inter

17 2728 19 2740 ,
55 2679 198 2732 Statuamus
214 2691 348 2745 recenset3
367 2679 414 2734 sed
430 2689 457 2731 et
472 2679 635 2749 Scalpturam
652 2681 785 2743 exercuit,
810 2680 940 2748 etiamque

53 2744 183 2864 l3aboruv5it
198 2745 226 2798 iu
242 2757 366 2816 argentm
390 2757 421 2798 ut
445 2745 542 2800 Statius
568 2747 660 2810 docet,
679 2750 739 2800 Sto.
758 2748 789 2798 L.
807 2747 840 2808 l.,
858 2763 938 2798 cmm.

73 2846 90 2874 s,
110 2831 134 2865 v..
170 2829 194 2864 ο.
266 2818 271 2829 ·
306 2828 309 2833 -
472 2820 482 2839 ι
754 2832 756 2838 ,

122 2878 259 2949 Quidquid
275 2889 301 2950 et
317 2889 423 2949 argento
440 2879 555 2949 primum
571 2879 615 2932 vel
630 2879 658 2930 in
675 2882 733 2930 aire
750 2879 868 2946 Myronis

119 2944 195 2995 Lusit
212 2954 237 2995 et
254 2963 372 2997 enormes
388 2958 481 2999 manus
498 2958 538 2998 est
554 2957 658 3016 experta
675 2947 798 2997 colossos.

53 3010 150 3062 Zeuxis
167 3011 349 3072 Heracleotes,
374 3013 458 3083 pictor
482 3013 684 3074 celeberrimus,
706 3013 784 3082 paulo
802 3021 861 3063 ante
877 3013 939 3066 Pra·
970 3013 980 3027 ⁴

54 3077 161 3148 xitelem
187 3077 283 3128 flomit.
330 3080 558 3149 (ingeniosissime
576 3079 679 3130 Bentl:
710 3080 745 3147 Q.
768 3097 808 3145 pr.
835 3098 875 3145 ops
901 3101 936 3131 nr.

54 3145 103 3195 inv.
122 3140 213 3203 novis,
234 3144 313 3194 Sim.
331 3147 482 3212 adscripsere
499 3150 558 3207 Ρη,
577 3147 683 3216 Scopan'
690 3145 754 3196 Acri
760 3156 771 3205 ‚‘
789 3147 858 3212 Myr.
870 3165 899 3196 ar
918 3183 937 3207 .,
973 3149 976 3159 '

54 3209 147 3260 tabulae
158 3210 309 3261 Zeuxidem.
336 3213 413 3276 ᾼᾶεο
431 3214 524 3265 fucatas
538 3214 596 3281 plus
608 3212 723 3266 retentati
732 3211 806 3281 favet
816 3224 865 3264 etc.
892 3166 938 3280 d.)

106 3315 143 3350 10·
157 3299 365 3378 'Adsubellem
381 3301 439 3350 iulis
464 3303 581 3380 exempli]
615 3303 645 3352 Id
670 3311 722 3380 est,
747 3303 780 3354 ud
797 3303 937 3366 fabellam,

54 3374 111 3434 quae
128 3376 177 3416 ent
192 3366 351 3434 huyusmodr.
385 3367 471 3420 Verba
497 3387 566 3420 ennn
583 3368 688 3420 Phaedri
702 3370 829 3440 intelligo
846 3370 879 3421 de
896 3372 937 3422 fa-

53 3431 123 3482 bella
139 3431 186 3483 tali
209 3430 377 3502 simpliciter,
403 3436 485 3503 qualis
504 3437 636 3507 sequitur,
662 3435 717 3490 sine
740 3436 794 3489 ullo
818 3449 936 3507 respectu

52 3498 86 3549 ad
100 3516 147 3564 ea,
166 3515 231 3569 quae
249 3517 380 3568 praemissa
398 3511 465 3556 suut.
542 3530 545 3536 ·

44 3776 53 3801 l
73 3758 77 3767 .

805 2279 943 2341 ahoratae,
981 2299 984 2305 ·
1009 2304 1011 2311 ·
