2572 4020
190 244 223 284 rr
313 224 315 229 ’
518 215 756 279 PRAEFATIO.

134 435 137 443 .
190 381 377 468 praefatione
404 380 448 443 sio
478 379 636 468 loquitur:
665 381 822 452 Phaedrus
849 386 943 441 eriam
968 396 1091 462 partem
1111 383 1138 410 Χ

190 471 333 549 aliquam
366 462 548 546 (iahnlumm
580 461 699 546 Aesopi)
739 467 780 523 ιήΑ
802 471 939 546 quinque
971 464 1090 525 libellos

191 553 327 610 resolvit.
361 549 429 611 ,leta
458 545 552 628 porrb
573 546 644 610 obm
664 545 806 608 aint'tam
831 546 932 626 jejuna
953 547 1090 610 testimo-

191 634 260 709 nia3
294 644 402 707 restat,
437 644 473 690 ut
506 642 650 711 gentem,
696 628 922 704 conditionem,
954 628 1089 690 indolem

190 711 345 789 Phaedri,
366 733 402 774 ao
423 723 540 773 atatem
551 757 561 788 ‚
597 714 658 795 qud
679 711 807 792 vixerit,
842 734 882 776 ex
902 714 967 794 ejus
987 712 1090 795 operi·

191 797 374 868 buseruere
395 815 553 856 conemur.
800 801 803 807 '

253 880 383 940 Patriam
413 877 476 959 ipae
509 876 641 940 indicare
674 875 760 940 auam
791 877 889 941 voluit
920 875 989 939 Lib.
1012 876 1092 951 tlt,

192 961 397 1046 Prol.v.17.
461 985 464 988 ⁴

273 1044 341 1128 Ego
362 1063 454 1126 quem
475 1041 572 1106 Pierio
593 1057 689 1107 mater
709 1041 797 1107 enixa
818 1055 864 1104 est
883 1043 956 1124 jugo
967 1086 977 1117 ,
1043 1050 1045 1055 “

215 1181 217 1187 s
274 1127 311 1190 In
333 1148 394 1210 quo
415 1124 547 1191 Tonanti
567 1140 670 1189 sancta
693 1128 888 1205 Mnemosyne
910 1125 993 1200 lovi,
1037 1132 1042 1142 ⁹
1078 1150 1087 1176 ι

191 1290 218 1353 E
271 1208 415 1285 ‚Fecunda
435 1209 558 1285 novies,
581 1208 699 1269 Artium
719 1209 838 1291 peperit
858 1207 998 1271 ultorum

220 1304 280 1355 tr.
304 1295 353 1367 54.

119 1399 123 1407 ·
275 1376 344 1461 Ego
364 1375 488 1441 literatae
509 1369 561 1450 qui
581 1389 648 1430 sum
668 1369 793 1450 propior
817 1371 955 1448 Graecias,
979 1376 983 1382 '

274 1459 339 1521 Cur
359 1475 467 1519 somno
489 1451 579 1515 inerti
599 1450 735 1513 deseram
756 1453 858 1513 Patriae
879 1453 969 1528 decus
986 1457 1011 1513 t·

274 1538 416 1603 Threissa
437 1535 509 1598 ehm
531 1554 604 1616 gene
624 1548 763 1596 numeret
786 1540 933 1597 Auctores
954 1560 1040 1616 suom

99 1677 101 1683 ⁴
274 1622 412 1700 Linoque
435 1615 546 1699 Apollo
567 1617 605 1679 ait
626 1637 755 1698 perena,
779 1619 864 1695 Musa¹
886 1621 1022 1700 Orpheo.

107 1703 110 1706 ⁴
190 1705 257 1766 Hos
277 1723 383 1767 versus,
399 1699 606 1783 expenderunt
627 1700 754 1776 Critioij,
777 1700 976 1782 dixeruntque
999 1701 1092 1763 nibil·

192 1784 328 1860 ominhs,
360 1784 437 1845 duce
467 1781 603 1856 Pithoeo,
637 1781 786 1845 Thracem
809 1782 898 1846 fuisse
925 1783 1091 1847 Phaedram.

192 1871 310 1930 Verum
333 1881 449 1943 tamen,
482 1865 602 1948 siquid
624 1865 726 1941 video,
759 1879 842 1948 patet
873 1888 911 1928 ex
941 1864 1006 1929 his'
1021 1866 1092 1948 ipsis

192 1951 349 2026 versibus,
382 1949 471 2012 illum
491 1949 580 2009 fuisse
602 1947 810 2010 Macedonem.
861 1949 938 2010 Nam
959 1947 1040 2032 quhd
1061 1971 1092 2012 se

114 2032 117 2036 ’
191 2033 266 2097 dicit
286 2033 318 2111 in
338 2034 412 2116 jugo
433 2031 534 2094 Pierio
554 2029 710 2112 genitum,
739 2051 809 2092 vera
830 2031 912 2093 certe
933 2032 1024 2113 ipsine
1044 2046 1090 2094 est

192 2136 236 2185 ac⁴
249 2114 378 2198 simplex
407 2116 454 2178 aui
475 2115 592 2196 generis
622 2113 808 2190 declaratio,
841 2135 903 2176 nou
934 2115 1092 2176 ostentatio
1126 2121 1127 2124 ’

191 2200 328 2282 poetica,
354 2197 404 2260 vel
425 2197 558 2276 instituta
579 2216 634 2277 per
657 2195 863 2277 metaphoram
884 2197 983 2274 fictio,
1013 2218 1092 2278 quae

192 2281 273 2345 mule
285 2280 485 2345 cohaerererot
495 2300 566 2341 eum
579 2280 624 2354 iis,
639 2300 704 2361 quae
716 2280 952 2362 subsequentum
969 2295 1000 2342 ot
1011 2279 1093 2341 huno

192 2363 296 2428 locum
314 2382 412 2444 neque
436 2364 497 2443 ipse
508 2360 691 2438 Schellerm,
714 2383 811 2447 neque
833 2362 912 2423 forte
934 2362 1013 2423 ullus
1034 2384 1094 2423 un·

194 2467 287 2528 qnam
299 2443 373 2507 alius
387 2445 515 2506 Criticus
527 2443 615 2508 aliter
635 2443 794 2507 intellexit.
824 2449 866 2506 At
885 2444 1040 2523 camille,
1060 2459 1094 2506 ut

193 2527 335 2610 equidem
366 2527 488 2608 opinor,
519 2526 795 2599 animadvertisset,
829 2526 942 2588 Phaedri
963 2526 1094 2588 natalem

193 2611 299 2677 locum
308 2607 350 2674 ibi
359 2609 428 2670 satis
439 2608 541 2689 aperte
553 2610 724 2690 significari,
738 2608 887 2690 velletque
900 2607 1094 2672 nihilominhs

193 2692 347 2757 Thracem
365 2712 435 2751 eum
458 2691 558 2766 fuisse,
580 2695 705 2754 Piorum·
720 2691 855 2754 Thraciae
875 2704 1011 2754 montem
1034 2690 1094 2751 dici

194 2774 383 2855 temporibus
393 2772 505 2835 Phaedri
527 2772 657 2856 potuisse
676 2788 938 2855 commentuaeot:
961 2773 1043 2856 quod
1060 2785 1095 2834 ut
1125 2788 1132 2832 ·.

154 2932 157 2935 ¹
194 2861 325 2941 probare
338 2856 500 2930 rideretur,
510 2856 648 2924 adhibuit
657 2856 812 2921 Strabonis
823 2855 1094 2917 testimoniumdo-

195 2941 291 3002 centia
300 2939 437 3020 quidem,
452 2938 518 3003 lib.
529 2943 570 3003 X.
583 2943 680 3002 Hune
692 2943 766 3000 olim
778 2939 974 3020 (temporibus
984 2935 1094 3020 nempe

194 3021 350 3102 fabulosis)
369 3024 486 3095 dictum
499 3046 563 3084 caso
586 3025 729 3085 Thraciae
743 3035 874 3082 montem
880 3047 894 3096 ;
916 3021 966 3084 sed
979 3035 1010 3084 et
1022 3023 1094 3084 sub-

195 3104 323 3186 jicientia
343 3102 390 3178 id,
413 3105 492 3185 quod
505 3106 631 3168 reticere
653 3105 821 3167 Sobefferus
832 3104 958 3180 minime
974 3105 1094 3181 debuit,

198 3188 314 3264 rumai
323 3189 549 3248 Macedonibus
565 3191 665 3252 incoli.
687 3187 768 3266 Quid
781 3187 887 3266 plural
898 3188 1005 3249 Nonne
1017 3190 1094 3247 Pau-

120 3317 124 3324 .
196 3269 292 3332 sanias
304 3271 348 3330 L.
363 3270 420 3330 lx.
443 3283 554 3344 narrat,
572 3264 661 3331 fuisse
679 3269 753 3331 olim
767 3270 1024 3332 Pieri‘Macedonis
1035 3293 1094 3331 no-

196 3373 269 3417 men
294 3353 346 3414 nni
372 3351 588 3413 ieMacedoniae
615 3354 767 3415 montibus
798 3351 951 3415 inditum?
986 3355 1095 3415 Nonne

196 3432 324 3510 Plinius,
343 3437 430 3495 Hirr.
445 3435 479 3493 L.
494 3435 566 3510 lv„
587 3456 614 3496 o.
631 3459 676 3496 ro.
710 3437 839 3498 Pieriam
853 3436 983 3520 appellat
995 3438 1096 3519 regio-

156 3575 161 3583 ,
196 3537 268 3581 nem
279 3514 458 3581 Macedonia
469 3516 488 3577 l*
504 3515 612 3582 Nonne
626 3518 755 3605 deniqne
776 3534 890 3592 veteres
910 3541 1015 3584 omnes
1030 3537 1095 3582 ter·
