2572 4020
731 134 749 182 χ
789 152 792 159 ,

375 223 529 284 DlSPVT.
553 225 607 283 lll.
652 308 657 325 Ι
844 246 942 317 sexui

57 380 188 458 Plnedri,
219 385 389 473 prioresque
429 385 594 449 labularutn
630 387 709 447 Libri
749 386 809 447 duo
842 389 941 449 conti·
991 396 994 401 '

57 479 173 525 nentur.
367 479 369 482 ’
475 506 477 514 .
784 518 786 523 .
926 484 952 531 ,·

118 544 245 625 bendani
276 547 333 621 iem
362 561 392 608 et
417 549 517 628 saepius
549 550 578 608 in
611 549 684 612 meis
711 550 787 613 notis
814 549 941 616 laudabo

56 627 233 702 industriam
250 628 400 695 Gabrielis
421 630 533 691 Brotier
554 632 584 690 in
606 631 734 696 editione
758 631 941 711 elegantissi·
963 674 971 707 ·,

56 711 122 784 md,
150 709 288 791 quentin
326 731 369 767 η.
405 711 527 773 Parisiis
546 732 625 772 atino
660 735 671 770 1
697 713 734 772 85
764 713 940 792 publicavit,

56 790 144 857 doct'e
165 812 199 851 ae
219 790 344 854 solerter
364 791 549 857 collocatum.
594 736 747 875 Paralielas
769 794 940 872 precellen-

58 872 159 955 tissimi
174 870 321 942 -Fontnnae
349 871 486 946 fabellas,
517 874 630 955 aliaque
653 874 804 947 variorum
824 889 957 941 aetatnui'

56 975 117 1017 non
139 954 375 1014 inconvenientia
403 970 594 1027 monumenta
615 953 736 1032 adjecit,
768 976 830 1035 quan
858 959 940 1018 fasti-

57 1035 130 1103 diosi
157 1038 245 1100 etiam
275 1035 406 1095 Lentonis
439 1036 637 1101 curiositatem
665 1034 792 1097 excitare
820 1040 941 1116 possint.

58 1116 208 1177 Utendum
231 1116 334 1177 babuit
354 1117 391 1177 ab
412 1115 608 1179 illustrissimo
630 1117 671 1177 Le
685 1117 807 1177 Peletier
828 1119 864 1178 de
877 1121 941 1187 tto,-

57 1198 166 1273 sanbo,
189 1199 311 1258 Senattls
334 1198 496 1270 Parisiensis
519 1196 655 1271 Praeside,
678 1196 859 1259 Pitboeanum
873 1200 946 1263 .Co.-‚

57 1277 174 1352 dicem,
208 1278 353 1360 simulque
380 1279 473 1340 varias
494 1279 636 1345 lectiones
662 1268 852 1360 excerptasd
880 1280 942 1340 Co-

57 1360 122 1421 dice
140 1361 290 1434 demensi,
309 1362 468 1442 antequlrm
490 1360 627 1423 incendio
649 1359 698 1420 ille
721 1361 870 1441 periisset:
894 1375 941 1430 et-

58 1463 120 1522 quc,
137 1441 263 1522 prudens
285 1457 314 1510 et
334 1443 416 1503 omisi
445 1445 534 1521 pratel
555 1441 729 1504 emendandi
751 1440 873 1507 libidine
892 1465 942 1506 so-

19 1596 21 1600 ,
58 1523 135 1584 lutus
155 1525 244 1589 verba
266 1522 394 1598 Phaedri,
417 1522 513 1606 qualia
535 1525 576 1585 ibi
597 1523 789 1598 exhibentur,
813 1525 942 1607 retinere

10 1631 12 1639 ·
32 1627 38 1638 *
57 1603 188 1679 studuit,
218 1619 359 1687 quantum
381 1618 480 1672 tamen
500 1627 568 1683 suna
590 1607 666 1687 ratio=
686 1604 816 1693 bonique
837 1607 940 1671 Critici
990 1666 993 1670 ,

57 1687 190 1769 alliciunt
213 1688 397 1767 permittunt.
678 1725 682 1732 ·
771 1697 775 1706 ‘
907 1719 925 1745 .·
950 1736 952 1741 .

120 1775 208 1847 Aurio
229 1768 354 1850 denique
378 1771 453 1852 1784
477 1767 592 1849 biponti
609 1765 719 1848 prodiit
740 1770 771 1832 iu
784 1771 840 1830 8vo
858 1769 941 1829 tttae·

57 1849 148 1922 drus,
182 1870 250 1909 cum
272 1851 305 1925 P,
327 1852 390 1929 Syri
412 1850 578 1925 sententiis,
612 1848 774 1935 Avianique
802 1863 833 1912 et
853 1859 939 1915 Ano-

57 1930 138 2011 nymi
173 1930 278 2006 veteris
310 1932 427 1993 labulis.
469 1930 563 1999 Nullas
590 1929 712 1993 omnino
734 1929 778 1996 his
802 1932 966 2003 omuibus·

59 2012 221 2087 notationes
258 2011 305 2074 vel
337 2012 555 2093 explanationes
586 2013 790 2090 snbjiciuntur,
843 2014 953 2074 Docet.

57 2115 111 2173 nos
132 2092 247 2174 tantiam
266 2095 325 2157 sive
346 2093 663 2178 Typographus,sire
683 2094 819 2157 editionis
839 2093 941 2175 dispo-

56 2175 145 2250 sitor,
178 2180 312 2255 rogatum
340 2198 401 2243 csse
422 2180 459 2237 G.
488 2176 521 2236 C.
544 2175 708 2252 Crolliurn',
743 2189 775 2242 ut
801 2177 940 2258 quasdam

59 2256 167 2325 Phaedri
196 2257 308 2325 fabulas
329 2259 406 2321 notis
426 2257 572 2320 illustrare
597 2257 702 2335 vellet,
733 2256 784 2320 sed
805 2259 864 2335 hnc
885 2259 946 2338 ipsi*

57 2339 145 2408 rebus
166 2339 229 2403 eliis
250 2354 395 2419 occupato
418 2361 477 2420 non
499 2338 626 2409 licuisset
650 2359 808 2406 monemur
829 2354 946 2411 tamen„
1007 2358 1011 2364 “

57 2419 121 2495 loca
142 2420 289 2502 quaedem,
311 2420 385 2501 ipen
406 2419 598 2501 emendante,
624 2421 709 2483 aliter
728 2420 862 2486 exhiberi
874 2467 882 2496 ,
905 2442 940 2487 ae

57 2501 86 2561 in
107 2502 283 2570 editionibus
309 2502 374 2575 aliis
401 2499 536 2565 omnibus
564 2504 714 2584 leguntur.
768 2505 832 2566 Lib.
855 2505 878 2578 l,
908 2507 953 2563 ΕΓ

59 2605 104 2643 21.
132 2607 166 2651 v,
184 2610 213 2667 9.
240 2605 312 2667 pro:
344 2587 479 2667 frontem
501 2591 622 2661 exterit,
646 2587 698 2647 vel
716 2588 850 2658 extudit,·
890 2606 940 2645 re-

57 2667 182 2744 positum
204 2680 264 2728 est:
278 2671 414 2750 frontem
434 2669 561 2726 excudit.
603 2664 693 2745 Quod
710 2666 783 2728 mihi
795 2668 941 2745 satispla-

56 2762 118 2823 oet,
154 2749 206 2810 nisi
229 2750 309 2830 quod
328 2748 418 2830 paulo
447 2744 658 2830 significantius
679 2746 794 2810 videtur
814 2747 940 2813 verbnm

53 2834 166 2889 excutit
170 2856 183 2904 ,·
206 2831 253 2893 hie
273 2832 354 2897 enim
374 2829 453 2897 idem
472 2844 563 2904 esset,
586 2850 621 2891 uc
642 2833 740 2900 eruit,
763 2827 829 2902 vel,
852 2831 939 2894 avel-

56 2911 101 2975 tir.
146 2912 176 2970 la.
198 2913 238 2972 Il.
267 2913 291 2972 F
294 2936 308 2972 .·
326 2939 352 2996 7.
378 2935 406 2973 v.
428 2915 456 2973 8.
493 2915 620 2973 Mulum
644 2913 824 2979 lancinant:
854 2911 939 2969 Hunc

37 2989 213 3063 ,lectionem
247 2994 318 3060 olim
345 2996 599 3077 excogitaveram
634 3014 698 3059 non¹
723 3006 821 3063 tamen
853 3012 940 3051 ausus
983 3061 986 3067 ⁴

55 3093 121 3140 sum
141 3073 314 3149 admittere,
337 3077 406 3158 quia
426 3077 450 3137 si
470 3075 577 3143 ductus
597 3074 751 3143 literarum
771 3073 939 3142 considere·
1027 3134 1031 3141 ,

57 3167 122 3224 tur,
144 3176 205 3223 non
225 3158 317 3238 magis
338 3156 450 3222 accedit
470 3155 507 3217 ad
533 3158 704 3225 trucident,
726 3155 806 3236 quod
830 3154 940 3215 habent

57 3233 141 3299 MSS.
164 3235 301 3319 Codices,
324 3240 412 3321 quam
434 3244 594 3317 saucient,
616 3230 696 3320 quod
710 3236 798 3317 plenae
820 3259 855 3300 ne
876 3237 939 3304 edi-

58 3312 152 3377 tiones
166 3333 347 3397 receperunt.
380 3322 462 3380 lnter
482 3319 548 3393 alia,
571 3259 940 3403 quaeqnoddentliterato·

57 3420 124 3475 rum
148 3396 240 3480 nettn's
260 3401 359 3476 juvare
380 3394 505 3480 possint,
529 3403 656 3465 indicem
677 3400 839 3468 editionum
855 3399 939 3460 Phan-

58 3479 103 3541 dri
136 3481 338 3567 plenissimum
366 3481 491 3551 libenter
517 3485 774 3569 commemorabo:
809 3483 938 3571 monebo
