2572 4020
341 174 358 209 ⁵
515 211 649 281 ¹nitunt
669 218 725 279 tv.
755 307 758 311 .

171 399 174 404 '
189 389 333 456 Onustus
350 389 516 476 sacrilegio
533 391 609 456 clun
626 385 818 476 discederet,

189 476 338 562 Repente
355 497 473 543 vocem
492 490 600 539 sancta
618 479 705 538 misit
721 473 866 561 Religioa

190 564 358 627 Malorum
370 567 518 646 quamvis
529 567 589 624 ista
608 560 727 624 fuerint
743 583 895 650 munera,

191 651 340 733 Mihique
361 653 467 715 invisa
476 695 486 735 ,
506 662 625 712 utnon
642 645 787 710 offendar
801 649 938 737 subripi,

191 735 336 820 Tamen,
358 735 506 821 sceleste,
527 737 639 820 spiritu
656 733 784 818 culpam
798 734 882 823 lues,

192 820 286 886 Olim
305 826 381 886 clim
397 822 572 906 adscriptus
587 825 710 885 venerit
727 841 828 904 poenae
845 822 923 887 dies.

179 907 255 981 ,Sed
271 931 312 973 ne
329 913 411 994 ignis
428 922 536 971 noster
549 908 683 971 facinori
701 907 890 997 praeluceat,

190 995 255 1058 Per
272 1017 370 1080 quem
389 994 546 1061 verendos
564 992 677 1057 excolit
694 992 799 1056 Pietas
814 993 924 1081 Deos,
998 1068 1000 1073 ,
1026 1000 1080 1077 *10

190 1081 279 1145 Veto
296 1103 363 1145 esse
381 1081 443 1145 tale
461 1080 592 1152 luminis
609 1083 851 1145 commercium.

190 1168 242 1231 Ita
261 1167 356 1232 hodie
377 1190 437 1231 nec
456 1167 621 1231 lucernam
638 1166 679 1229 de
698 1164 831 1230 flammai
846 1169 975 1232 Delim.

191 1253 264 1324 Nec
281 1253 321 1316 de
333 1253 462 1317 lucernal
478 1254 524 1316 fas
542 1258 588 1317 e'st
610 1252 740 1318 accendi
758 1259 894 1318 sacrum.

236 1338 330 1426 Quor
347 1361 397 1403 res
417 1339 651 1404 contineat'hoc
663 1357 890 1424 argumentum
912 1341 1021 1424 utiles,

191 1424 271 1489 Non
287 1426 455 1511 explicabit
468 1426 565 1514 alius,
586 1426 684 1510 quam
698 1430 753 1509 qui
765 1434 893 1515 reperit.
1042 1430 1081 1492 to
1162 1458 1166 1466 ·

192 1511 358 1596 Significat
374 1514 483 1597 primo
503 1532 602 1599 saepe,
623 1533 702 1597 quos
717 1516 786 1597 ipse
801 1518 933 1601 alueris,

191 1597 270 1661 Tibi
289 1603 429 1674 Inveniri
440 1604 581 1662 maxime
594 1603 780 1662 contrarios.

191 1683 340 1748 secundo
360 1685 511 1772 ostendit,
531 1685 658 1757 scelera,
670 1707 736 1748 non
754 1683 803 1748 irai
817 1685 927 1750 Derim
936 1731 946 1772 ,

192 1770 349 1834 Fatorum
363 1771 452 1835 'dicto
467 1771 527 1847 ,sed
542 1775 650 1857 puniri
669 1785 825 1856 tempore.

145 1856 148 1865 ’
193 1856 382 1922 Novissime
401 1859 578 1946 interdicit,
598 1881 639 1923 ne
660 1880 735 1920 cum
753 1855 902 1923 malefico
1039 1861 1082 1924 20
1240 1928 1242 1932 ,

193 1941 302 2013 Usum
319 1944 420 2009 bonus
438 1951 598 2011 consociet
616 1944 710 2007 ullius
727 1948 783 2008 rei.
1125 1942 1142 1984 s

408 2105 877 2240 rnnvLAXn

207 2365 212 2377 x
293 2366 295 2371 ‚
368 2309 509 2393 Malas
549 2327 650 2361 esse
694 2285 908 2362 divitius.

450 2425 608 2493 Hercules
632 2440 662 2492 et
683 2427 810 2494 Plutus.
884 2426 908 2450 ”

201 2528 302 2632 Orus
321 2574 432 2635 invisas
448 2573 564 2632 merito
584 2562 656 2632 suut
675 2571 749 2633 lorti
769 2575 856 2657 viro,

198 2672 287 2764 Quia
305 2671 395 2736 dives
417 2690 490 2735 arca
505 2693 618 2737 veram
636 2671 765 2734 laudem
780 2677 950 2757 intercipit.

250 2826 586 2894 120DeflanltndDadtn]
619 2825 722 2888 idest,
742 2825 938 2880 deflemmiin
954 2825 1087 2885 eriaDeo-
1131 2858 1137 2865 -

197 2907 258 2946 turn
274 2894 393 2963 excitati.
442 2915 445 2920 ·
771 2923 773 2926 <
908 2943 912 2963 ,

249 2960 289 3011 13.
309 2961 425 3027 Sacrum]
460 2960 489 3010 ld
506 2970 560 3018 est,
579 2959 766 3012 sacrificiorum
781 2959 879 3029 ignem.

250 3028 290 3078 15.
308 3028 366 3076 Non
383 3026 514 3091 explicabit
531 3027 616 3095 alius}
653 3025 749 3078 Sensus
766 3037 821 3079 est:
851 3024 985 3142 pronam
1001 3032 1089 3104 reperi

164 3141 166 3146 .
199 3088 303 3143 fabulae
319 3091 400 3158 hujus.
413 3105 611 3160 argumentum,
640 3093 706 3145 mihi
722 3110 766 3144 ens
785 3103 859 3144 ecten
879 3109 925 3144 um
950 3111 1006 3148 non
1031 3109 1087 3162 ett'.

200 3159 264 3208 dum
280 3158 335 3227 ipse
351 3159 433 3209 lector
449 3159 575 3228 explicet,
602 3170 666 3230 quot
681 3177 723 3212 tes
744 3176 762 3210 u
794 3176 822 3211 es
845 3159 984 3212 contineat.
1021 3166 1091 3219 Ver.

199 3223 232 3276 be
247 3223 361 3275 Phaedri
378 3223 506 3292 benigne.
524 3237 553 3277 ut
570 3227 662 3289 decet,
678 3225 849 3298 interpretor:
876 3242 906 3276 ee
923 3235 1029 3294 tamen,
1047 3235 1089 3286 fa.

199 3305 273 3346 teor.
315 3290 410 3341 haltere
446 3289 568 3343 videntur
600 3293 741 3362 quemdum
768 3291 988 3356 ostentationem,
1022 3318 1092 3372 quae
1120 3326 1124 3331 ·

218 3356 307 3408 uidem
323 3374 357 3408 an
374 3357 421 3408 teli
436 3360 492 3423 ejus
508 3357 616 3410 invento
632 3359 693 3412 satis
710 3359 829 3412 excusari
843 3359 942 3430 possit,
970 3364 1094 3432 judicari.

200 3375 265 3474 llum
281 3433 372 3481 aeuus
388 3424 457 3475 naris
474 3422 624 3477 homiuibus
641 3425 768 3496 relinquo.
1094 3443 1097 3449 ·

248 3487 311 3549 Feb.
330 3505 381 3554 tn,
401 3506 423 3545 1.
446 3492 510 3558 Opes
528 3490 633 3567 inrisae]
669 3491 766 3550 Contra
788 3492 856 3549 hunc
873 3485 1034 3556 seutentiam
1057 3501 1096 3557 tio
