2572 4020
376 312 378 319 .
457 322 460 326 .
508 302 511 309 ·
561 240 719 329 ntsrv'u.
742 242 767 327 1'.
986 276 991 343 ζ
1038 287 1108 330 xvn

217 427 305 511 1747,
326 427 476 510 publicati
496 450 557 570 lm
574 428 699 509 Phaedro
719 431 841 514 ejusque
863 430 971 494 fabulis
991 431 1128 514 Apoloe·
1202 416 1208 424 ἱ

164 560 167 571 ,
213 513 282 591 git,
315 510 468 606 bominem
488 511 575 583 ilum
592 513 744 598 insanire,
769 515 846 576 satis
871 511 951 577 bisllie
980 514 1108 584 demon-

211 608 357 662 straverit,
569 663 572 669 ,
601 606 605 615 ·
702 653 705 661 ,

276 675 379 738 Critini
400 695 503 736 omnes
526 674 615 754 periti
635 677 784 753 latentur,
805 678 851 739 vel
874 675 961 740 fateri
986 678 1106 754 debent,
1270 725 1274 735 .

204 768 206 773 ’
236 757 355 820 uasdam
377 758 409 819 in
440 757 487 816 bis
502 815 506 834 ,
520 755 627 818 sabulis
659 756 800 841 loquendi
833 762 945 823 formas
977 761 1112 829 inueniri¹
1181 759 1183 763 ’
1247 818 1254 839 „

213 778 340 900 l'haedro
374 853 477 914 nostro
510 837 691 919 peculiares,
725 856 755 902 et
776 839 847 906 hinc
867 841 1026 916 nonnulli,
1058 862 1108 905 eas

190 921 313 1003 reliquo
333 922 481 984 deteriore
503 918 603 991 seculo
625 922 753 1001 potuisse
782 925 935 1004 confingi,
964 927 1107 1002 pessime,

211 1009 280 1073 med
312 1001 432 1087 quidem
464 1002 623 1076 sententiai,
660 1005 798 1084 suspicati
829 998 907 1096 simp
950 1005 1109 1072 Terentius

211 1087 291 1146 enim
313 1100 344 1148 et
364 1086 514 1160 Horatius,
537 1099 572 1147 ut
593 1085 666 1146 alios
687 1087 823 1146 omittam
836 1088 1006 1167 'scriptores
1026 1090 1109 1168 opti-

212 1190 303 1243 mos,
337 1190 424 1231 suum
445 1169 569 1250 quisque
599 1167 709 1249 stylum
730 1168 910 1249 singularem
940 1163 1154 1243 exbibent33
1244 1194 1249 1208 ¹

212 1265 244 1311 et
265 1249 315 1317 ille
335 1264 399 1325 est,
434 1272 525 1336 quem
546 1247 657 1312 ductor
685 1265 808 1326 noster,
844 1253 911 1311 Lib.
936 1252 988 1323 V„
1023 1249 1147 1331 Prol..⁴

212 1353 242 1392 v.
268 1335 315 1406 8.‚
349 1336 505 1413 proprium
526 1331 661 1407 colorem
683 1347 778 1405 vocat.
822 1334 920 1393 Immo
952 1330 1110 1413 singularis

212 1415 267 1475 ista
290 1413 430 1495 loque‘udi
451 1415 634 1495 proprietas,
670 1436 734 1497 quae
760 1415 927 1491 locutiones
954 1413 1110 1495 quasdam,

213 1497 277 1565 aliis
299 1497 479 1559 Auctoribus
501 1496 548 1558 vel
567 1497 692 1558 minime
719 1496 767 1558 vel
789 1497 857 1559 rarii
879 1498 1015 1572 usitatas,
1046 1515 1109 1556 ex·

211 1574 315 1640 biheat
336 1594 366 1639 et
386 1579 506 1661 quidem
526 1601 601 1661 saepe
623 1595 831 1654 recurrentes,
853 1581 1032 1660 scriptorem
1054 1599 1116 1636 an-.

212 1661 329 1744 tiquum
351 1661 438 1742 plane
469 1660 597 1723 indicat:
628 1661 748 1743 aliquot
779 1664 876 1738 enim,
912 1659 1123 1744 quemadmo-'

183 1793 187 1801 .
213 1743 285 1805 diam
309 1742 425 1804 Pboedri
437 1790 460 1823 ,Ι
478 1745 519 1805 sic
541 1757 571 1805 et
592 1746 729 1818 Horatii,
762 1744 956 1826 Terentiique
977 1741 1109 1803 locutio-

213 1836 266 1887 nc's
286 1826 431 1904 ejusmodi
452 1840 541 1898 sunt,
575 1847 648 1908 quas
669 1827 732 1889 fere
756 1846 918 1907 nusquam,
953 1823 1008 1888 uisi
1029 1823 1109 1904 apud

213 1909 315 1989 ipsos,
349 1908 488 1988 reperias.
531 1910 567 1969 dt
588 1912 683 1970 bonus
704 1911 827 1991 quisque
848 1909 979 1988 scriptor
1000 1906 1109 1975 latinns
1184 1936 1210 1964 η

213 2010 340 2064 recens,
363 1991 438 2050 nihil
459 1991 555 2054 simile
576 1989 742 2057 obtulerit}
776 1991 907 2074 aliquem
927 1989 1028 2065 enim,
1061 1988 1111 2049 vel

192 2071 315 2154 tplnres
336 2072 425 2133 simul
456 2094 495 2133 ex
521 2074 648 2154 antiquis
678 2074 856 2136 Auctoribus
867 2118 877 2148 ,
912 2070 1027 2132 tametsi
1048 2091 1112 2132 nou

214 2155 313 2227 dediti
334 2157 425 2236 operui
435 2201 445 2231 ,
467 2176 500 2216 re
522 2170 623 2220 tumen
639 2157 709 2217 veria
729 2153 861 2221 imitatus
871 2154 951 2216 inter
972 2152 1110 2227 scribens
1153 2224 1155 2229 ,

215 2237 286 2311 dum
310 2239 420 2314 luerit;
442 2251 473 2301 et
493 2237 544 2306 vix
567 2235 659 2307 ullam
680 2236 907 2318 coagmentandi
924 2256 1013 2297 voces
1033 2256 1112 2296 con·

216 2319 413 2401 nectendique
428 2324 575 2385 rationem
597 2312 786 2399 adhibuerit,
808 2342 899 2403 quam
921 2319 1034 2399 scripto
1054 2316 1113 2377 ali-

215 2423 277 2484 quo
304 2404 446 2463 Veterum
468 2425 530 2463 non
550 2402 641 2464 modi>
662 2405 913 2484 comprobatam,
947 2399 1111 2468 sedetiam

215 2506 254 2545 ex
286 2484 396 2545 eodem
419 2493 593 2567 'expressam
634 2486 860 2568 founatamque'
887 2481 1112 2567 deprehendere
1201 2564 1209 2576 ἱ

216 2589 276 2634 non
300 2588 400 2647 possis,
483 2590 485 2595 ’
1024 2616 1027 2621 .

215 2702 218 2709 .
279 2650 367 2710 Nunc
397 2663 431 2712 ut
452 2651 644 2731 questionem
670 2649 748 2715 hanc
780 2648 817 2711 de
850 2646 968 2719 Phaedri
1001 2647 1112 2720 fabulis

190 2740 193 2745 ’
217 2731 392 2808 absolvam,
419 2740 527 2814 easque
548 2754 608 2793 non
630 2732 795 2793 subdititiae
815 2752 878 2792 csse
890 2777 899 2806 ,
927 2730 1036 2791 clarius
1057 2738 1122 2807 ap-‘

216 2827 336 2908 pareat3
373 2814 471 2876 virum
503 2814 633 2897 aliquem
665 2814 787 2875 seientia
817 2812 984 2882 Latinitatis
1016 2812 1112 2893 prob'e

217 2909 394 2959 instructum
417 2897 625 2978 interrogabo,
648 2917 747 2962 ¹simon
769 2916 846 2975 puro
873 2895 1013 2976 suavique
1033 2892 1112 2976 stylo

217 2977 395 3059 perscriptas
415 2979 585 3048 existimet?
606 2981 724 3047 Annuet
740 2978 803 3049 sine
824 2976 935 3048 dubio,
958 2981 988 3035 e't
1008 2974 1113 3045 litera-

218 3062 256 3120 tis
276 3055 467 3134 hominibus,
490 3063 541 3144 qui
562 3062 604 3122 sic
625 3061 817 3140 judlcarunt,
845 3058 1009 3125 innumeris
1029 3057 1112 3125 ultra

219 3162 250 3201 se
270 3140 511 3221 adstipulatorem
533 3143 683 3226 adjunget.
726 3144 806 3204 Tum
830 3142 1024 3215 sciscitabor,
1059 3139 1113 3208 bas
1176 3182 1180 3188 ·
1219 3211 1222 3219 Ι

219 3224 365 3283 sermonis
398 3224 503 3291 urbani
535 3227 725 3300 festivitates,
759 3223 837 3285 hanc
869 3222 937 3306 styli
969 3218 1114 3300 simplicis

217 3303 434 3388 jucunditatem
454 3308 624 3386 potueritne
643 3306 764 3390 aliquod
786 3307 936 3389 ingenium
958 3317 1041 3368 vetate
1054 3302 1113 3362 ba·.
1178 3338 1181 3346 ·

216 3386 344 3464 ¹tinitatis
363 3384 424 3447 sive
445 3388 574 3463 declivi,
598 3390 658 3451 sive
680 3387 784 3465 senili,
813 3411 864 3452 seu
886 3385 1035 3468 decrepita
1055 3405 1114 3446 na·

219 3465 286 3533 tum
306 3468 498 3552 producere?
539 3471 665 3551 Negabis
684 3471 796 3552 oppido
807 3517 816 3546 ‚
851 3471 906 3532 nisi
927 3472 964 3531 sit
986 3466 1113 3549 aliquis,

219 3553 340 3647 qbalem
361 3551 449 3622 hodie
471 3552 521 3623 tit
544 3552 641 3625 ullum
662 3573 724 3617 esse
743 3569 818 3641 puto
829 3599 839 3634 ,
872 3546 1115 3630 sectatorictrt:
1199 3608 1204 3617 ,
