2572 4020
105 204 129 277 ’.
170 245 235 309 ω
399 210 575 280 tutunus
598 205 846 287 tisvntsvu

176 384 334 467 Colorque
354 389 524 469 proprius?
544 383 633 472 Ergo
648 411 713 451 non
736 391 849 454 levitas
866 393 967 480 mihi,

169 467 236 545 ¹Sed
256 484 340 533 certa
358 479 439 535 ratio
461 494 591 537 causam
609 476 767 538 scribendi
780 477 882 540 dedit.

176 552 303 642 Quare,
323 555 502 646 Particulo,
523 567 676 644 quoniam
696 568 821 647 caperis
845 563 974 651 fabulis,
1016 569 1063 631 10
1090 622 1096 631 ,

175 643 265 730 Quas
286 643 467 733 Aesopeos,
487 668 552 710 non
574 647 696 733 Aesopi
712 655 862 739 nomino,

93 791 94 795 ,
174 731 224 810 (N
227 753 280 792 arn
291 736 318 792 is
330 732 450 816 “paucas
470 735 624 821 ostendit,
648 758 706 821 ego
726 737 833 820 plures
847 738 988 824 dissere,
1028 790 1037 803 s

638 866 642 871 ,
1071 865 1075 870 .

225 957 249 1010 8.
271 956 394 1022 Colorque
409 957 534 1024 proprius]
569 958 676 1030 Legitur
692 960 721 1011 iu
734 971 846 1030 utroque
862 959 938 1013 MSS.
950 959 1068 1024 Codice.

176 1024 290 1089 colorque
305 1024 389 1090 prior,
413 1036 497 1074 metro
515 1032 541 1075 et
555 1024 683 1078 latinitate
700 1026 920 1098 repugnantibusc
944 1044 992 1099 pro
1011 1041 1086 1107 quo·

135 1130 138 1136 ,
175 1090 364 1142 Rittershusius
379 1091 516 1160 proposuit
536 1091 694 1162 legendum,
716 1095 845 1159 proprius:
872 1111 952 1164 quam
967 1094 1069 1146 lectio·

175 1158 391 1228 nemspleraeque
416 1157 543 1211 editiones
568 1159 698 1211 exhibent.
732 1160 863 1212 Librarius
880 1160 975 1233 aliquis
992 1178 1070 1227 §ome

174 1222 273 1295 pendio
292 1223 438 1294 scripserit„
454 1225 556 1295 pprius,
579 1242 611 1277 ex
628 1243 679 1304 quo
696 1213 761 1278 alter
777 1227 887 1293 fecerit,
904 1227 976 1297 prius
985 1248 993 1293 3
1019 1228 1086 1291 dte-¹

175 1309 251 1342 mum
268 1291 374 1350 tertius,
401 1290 449 1348 sibi
475 1291 546 1342 visus
576 1293 692 1353 deutrus,
724 1293 851 1364 corrigere
882 1294 1069 1346 soloecismum

177 1359 305 1414 voluerit,
337 1374 367 1408 ac
383 1357 528 1426 reposuerit
541 1359 618 1422 prior.
653 1360 734 1409 Recte
753 1371 841 1410 autem
859 1363 986 1431 cujusque
1003 1379 1071 1430 pro·

176 1425 248 1494 prius
266 1425 408 1491 oolor'pro
435 1423 534 1473 ratione
559 1424 689 1475 scribendi
704 1426 808 1495 proprisi
833 1425 918 1476 dictus
942 1437 999 1478 est:
1030 1428 1071 1478 sic
1106 1432 1113 1439 '

176 1491 248 1541 enim
276 1490 367 1540 Cicero
392 1488 422 1534 dc
450 1490 512 1537 clar.
542 1491 614 1538 Orat.
646 1510 668 1540 c·
693 1493 734 1554 46.
770 1491 929 1542 Urbanitatis
947 1493 1071 1545 colorem

177 1567 261 1631 yocat¹
281 1555 374 1613 illum,
400 1554 450 1631 qui
461 1554 623 1624 Scriptorum
646 1556 738 1606 Romae
762 1559 984 1610 commorantium
1011 1570 1095 1611 erat'

196 1639 222 1670 ΥΟ
242 1639 303 1672 l'lUSe
325 1658 328 1664 v
506 1642 508 1650 '
538 1640 540 1649 ¹
871 1661 873 1664 ·

175 1640 192 1691 Ρ
224 1642 501 1752 i1·Aesopem,oon
519 1688 629 1755 Aesopi]
663 1687 765 1747 Fabulae
791 1686 913 1740 dicuntur
936 1688 1073 1757 Aesopeae
1111 1694 1117 1707 '

177 1754 220 1805 vcl
238 1755 306 1804 Aeso
326 1753 366 1812 iac,
384 1753 426 1805 vel
444 1753 523 1804 etiam
540 1754 690 1824 Aesopicae,
708 1772 764 1824 que
782 1753 815 1803 ad
832 1754 973 1822 exemplat,
993 1757 1074 1823 quod

142 1818 150 1828 ‘
176 1818 282 1889 reliquit
298 1773 435 1889 riesopus,
461 1820 535 1870 facte
553 1832 629 1886 sunt3
656 1821 754 1895 Aesopi
770 1830 874 1880 autem,
897 1837 960 1889 quas
979 1821 1073 1881 Aeso?

176 1904 225 1963 pus
243 1885 286 1938 vel
303 1885 383 1944 fecit,
401 1888 445 1940 vel
461 1887 553 1938 fecisse
571 1887 692 1939 creditur.
891 1924 893 1928 -
973 1899 976 1904 ·

224 1968 268 2015 212.
286 1955 354 2003 Nam
379 1953 400 2002 is
426 1971 521 2019 paucas
547 1955 664 2019 ostendit]
698 1951 814 2005 Pithoeus
840 1954 867 2005 in
894 1969 941 2006 suo
966 1952 1071 2006 Codice

176 2018 254 2071 MSS.
272 2019 389 2071 invenit:
420 2021 501 2090 Quasi
522 2039 616 2085 paucas
634 2021 677 2069 illc
695 2021 815 2080 ostendito,
842 2038 886 2087 ego
902 2021 986 2085 plures
1013 2022 1071 2070 dis-

179 2104 253 2135 sero:
271 2087 340 2136 undc
358 2085 470 2138 confecit
487 2095 513 2136 ct
529 2085 625 2136 edidit:
827 2104 839 2128 ο
996 2101 999 2108 ·
1027 2085 1030 2091 ’
1052 2134 1056 2139 .

245 2153 328 2222 Quasi
341 2168 438 2229 paucas
455 2151 615 2211 ostenderit,
632 2149 680 2222 eg‘o
698 2154 785 2223 plures
803 2152 911 2204 dissero.
959 2168 962 2173 ·
1001 2203 1005 2209 ,

181 2217 271 2284 Quam
287 2220 426 2278 lectionem
454 2217 570 2287 plerique
587 2219 760 2290 posteriorum
784 2218 931 2270 editionum
947 2230 1068 2273 auctores
1096 2256 1101 2261 -

86 2322 92 2335 ,
180 2284 358 2338 admiserunt:
377 2285 423 2338 sed
438 2285 541 2346 rectene
559 2297 586 2343 et
602 2296 660 2356 apte
677 2285 709 2335 ad
734 2284 837 2337 Phaedri
853 2296 969 2338 mentem
986 2282 1067 2344 istud.

156 2354 253 2414 §quasi
266 2353 416 2412 ostenderit,
447 2351 575 2419 explicare
603 2351 749 2425 potuerint,
781 2350 846 2402 scire
871 2350 971 2402 laboro.
1011 2352 1067 2421 Ego

180 2420 243 2466 vero
268 2418 371 2477 nullum
389 2433 494 2468 sensum
513 2424 552 2469 *ex
569 2417 609 2477 his
634 2418 720 2469 verbis
744 2434 834 2468 eruere
858 2417 958 2468 bonum
982 2419 1068 2487 potui.

179 2483 414 2551 ltaquejudicavi3
432 2502 491 2532 nam
508 2483 544 2543 is,
562 2484 702 2554 legendum
719 2501 790 2544 esse,
808 2501 871 2553 pro.
890 2485 979 2549 quasi.
996 2484 1071 2555 quod

181 2549 287 2616 quidem
304 2550 380 2600 facito
398 2552 413 2600 a
429 2549 546 2602 Librario
559 2553 700 2604 intrusum
717 2550 820 2607 luent.-
842 2551 904 2601 dum
921 2550 990 2602 inter
1006 2551 1072 2601 scri·

167 2613 295 2666 ¹bendum
313 2617 419 2687 respicit
430 2616 462 2666 ad
480 2635 590 2678 vocem,
608 2621 687 2685 quas,
706 2618 775 2669 unde
791 2616 896 2668 initium
914 2615 994 2669 sumit
1010 2634 1071 2666 ver-

182 2699 225 2731 sus
242 2683 358 2751 proxime
367 2683 496 2754 superior.
532 2685 587 2735 lam
603 2688 684 2744 vero,
700 2684 824 2749 'ostendifl
841 2683 911 2753 quod
923 2681 1071 2752 genuinum

180 2758 241 2807 est,
266 2749 404 2807 retinetur.
432 2761 458 2800 et
475 2750 534 2812 itte,
559 2762 602 2802 tan
621 2768 683 2805 uam
701 2750 831 2820 glossema
847 2750 950 2819 ejicitur
965 2747 1069 2799 ratione

181 2825 254 2864 tanto
272 2816 354 2884 magis
371 2816 519 2886 plausibili,
549 2771 635 2886 quod,
661 2818 697 2877 is,
725 2816 754 2868 in
770 2816 852 2886 ipsius
869 2817 957 2869 locum
975 2814 1073 2866 substi-

181 2891 277 2944 tuatur.
314 2882 369 2948 (Sic
383 2882 557 2945 scribamus:
589 2885 658 2953 Quia
679 2901 773 2948 pancas
800 2881 842 2946 illc
868 2881 992 2942 ostendit,
1023 2899 1072 2950 ego

179 2948 358 3015 ptosldisscro.
394 2950 476 3008 Plus,
502 2950 585 3019 plura·
621 2951 712 3002 Plures
729 2948 773 3002 vel
795 2949 924 3017 glossema
942 2957 997 3010 est,
1026 2965 1074 2999 oc·

107 3030 109 3035 ¹
181 3006 393 3079 commodatum'
419 3033 541 3085 regresso
565 3035 675 3082 paucos.
703 3016 746 3067 vel
769 3015 835 3067 forte
864 3024 998 3067 exaratum
1023 3031 1074 3083 pro

179 3081 252 3146 plns,
279 3081 345 3132 sicut
367 3035 504 3131 scilianus
530 3101 576 3152 pro
601 3085 730 3142 salutans,
757 3081 803 3139 Ill,
832 3086 857 3142 6,
876 3083 898 3133 3·
937 3083 1074 3149 Sperantqs

181 3164 229 3215 pro
245 3167 347 3213 sperans
365 3149 433 3217 apud
456 3150 605 3199 Terentium
631 3150 705 3200 Aodr
733 3149 753 3201 l.
779 3165 803 3206 2,
825 3166 863 3200 10.
910 3148 1074 3198 Obleoercntes

181 3232 230 3289 pro
261 3217 385 3264 olhoerens
414 3215 506 3266 Militis
523 3216 648 3267 Plautinae
679 3233 778 3283 argum.
807 3225 902 3284 poster.
929 3232 955 3264 v.
974 3215 1003 3265 81
1020 3225 1072 3265 etc.

182 3297 253 3361 Quae
279 3297 350 3347 dedit
375 3299 499 3355 Desunt..
540 3315 613 3369 aeque
642 3285 808 3368 κακόμετρα
832 3304 994 3365 sumetque
1022 3293 1075 3348 ista
1097 3339 1101 3345 .

182 3361 296 3420 Pithoei,
316 3383 371 3433 quse
389 3375 505 3432 repetere
523 3366 630 3416 seriores
649 3385 701 3417 non
719 3377 794 3417 sunt·
813 3361 947 3431 dedignati
969 3374 1077 3432 praeter

183 3429 266 3478 uuum
281 3430 447 3497 Bentlcjum,
466 3431 511 3499 qui
528 3436 598 3499 quod
615 3433 711 3502 posuit.
734 3433 801 3502 Quia
816 3447 911 3497 paucas
928 3429 974 3478 illc
991 3433 1084 3479 osten-'
1103 3432 1109 3438 “

182 3494 234 3556 dit,
253 3512 304 3564 ego
309 3497 395 3563 plures
397 3498 472 3563 faro,
491 3498 594 3567 lougius
609 3499 739 3558 recedita
755 3498 882 3569 scriptula
898 3505 996 3553 velere·
1024 3499 1076 3564 B.)
