2572 4020
356 220 408 329 nti
579 263 754 361 PHAEDRI
775 264 1017 326 FABVLARVM
1093 355 1096 361 ι

568 425 935 503 FABVLA
996 429 1027 502 I.

394 597 577 666 Demetrius
600 583 779 667 Phalereus
790 652 801 683 ,
814 585 858 669 ‘et
880 602 1064 669 Menander
1082 606 1184 694 positu·
1255 580 1259 593 Δ

349 768 569 896 Druarnrvs,
590 813 646 893 qui
662 809 763 875 dictus
782 824 829 874 est
850 809 1037 897 Phalereus,

365 1122 368 1127 .
400 1095 423 1130 1.
438 1078 589 1143 Phalereus]
609 1077 676 1129 cum
688 1081 770 1149 graece
786 1079 885 1136 dicatur
903 1079 1054 1148 plerumque
1071 1065 1223 1150 Φαληρεῦς
1232 1111 1242 1138 ,

334 1168 337 1173 ’
349 1165 408 1213 rard
419 1171 505 1212 autem
517 1149 679 1234 (liothippatacr
692 1180 743 1212 non
753 1161 839 1219 uideo.
857 1178 903 1212 cnr
913 1158 1050 1212 Phalereus
1065 1161 1242 1231 penultimam

350 1228 476 1294 syllabam
484 1228 578 1280 habere
587 1232 693 1283 brevem
699 1247 751 1278 non
762 1229 852 1296 possit.
867 1227 1029 1281 Schefferum
1041 1239 1140 1296 ergoet
1152 1229 1241 1299 Hoog·

350 1306 509 1359 stratanrun,
538 1297 582 1372 qni
600 1297 666 1347 hanc
684 1311 739 1345 esse
756 1297 846 1344 naturis
865 1297 909 1344 susi
928 1296 1032 1363 longam
1049 1296 1241 1363 pronuntiant.

349 1379 404 1412 non
421 1378 477 1412 esse
494 1362 637 1414 audiendos
655 1373 718 1432 puto
729 1380 747 1422 s,
761 1363 846 1431 n'eque
863 1377 968 1412 necesse
995 1370 1034 1410 est
1051 1362 1132 1413 verba
1156 1372 1243 1414 trans·

349 1427 414 1498 poni
429 1427 480 1477 hoc
496 1428 575 1478 modo
590 1449 597 1478 ε

415 1493 579 1553 Demetrius,
597 1494 735 1545 Phalereus
754 1492 798 1560 qui
815 1491 899 1542 dictus
916 1504 969 1551 est,
1012 1541 1014 1545 ,

329 1579 332 1585 ’
349 1570 380 1615 nt
396 1559 457 1610 fecit
468 1559 650 1625 Burmannus3
668 1569 712 1610 aut
728 1555 819 1627 reponi
835 1558 979 1618 Plralerias,
996 1567 1028 1608 ut
1040 1559 1149 1612 volebat
1161 1561 1243 1612 Heia.

350 1625 416 1683 siuse
447 1625 501 1674 Iam
520 1629 581 1677 verb
598 1628 621 1677 si
637 1625 752 1677 arbitrati
769 1634 828 1674 sunt
841 1618 854 1683 ,'
879 1640 972 1674 vocem
988 1624 1129 1674 Phalereus
1151 1628 1244 1678 tersui.

343 1690 407 1743 'nari
430 1689 610 1762 diphthongO,
639 1696 718 1762 quani
742 1691 805 1743 duas
830 1690 858 1740 in
883 1689 986 1742 vocales
1012 1690 1157 1743 distrahere
1189 1706 1244 1745 non

348 1757 446 1818 liceat,¹
469 1759 549 1811 falsos
575 1777 620 1812 eos
644 1777 699 1811 esse
726 1756 844 1808 ostendet
869 1757 1004 1828 Philippus
1030 1757 1137 1825 Labbr,
1165 1777 1244 1811 meus

350 1835 546 1884 conterraneus,
570 1827 598 1877 in
624 1826 755 1877 indicibus
781 1824 887 1876 eruditae
911 1823 1152 1892 pronuntiationis,
1180 1843 1242 1896 pag.

347 1907 404 1943 221.
439 1891 543 1943 Etenim
559 1892 704 1963 Virgilius,
724 1892 779 1941 Eel.
800 1890 835 1949 3.,
853 1906 879 1943 s·
898 1907 939 1953 41.

415 1955 570 2036 Orpheaque
587 1959 615 2010 in
632 1960 720 2010 medio
737 1955 825 2027 posuit
841 1957 980 2026 sylvasque
997 1967 1146 2025 sequentes.

226 2075 232 2085 ,
288 2066 290 2069 .
347 2022 381 2076 Et
398 2024 526 2087 Ouidius,
544 2027 651 2076 Heroid.
669 2023 750 2095 Epist.
768 2016 805 2080 8..
823 2041 849 2074 v.
869 2023 909 2074 31.

413 2093 457 2208 {ple
475 2093 523 2145 tibi
539 2093 690 2161 Tyndareus
708 2090 864 2159 ritiigravis
882 2099 972 2141 auctor
989 2100 1015 2141 et
1032 2089 1106 2141 annis

370 2192 372 2195 -
439 2158 542 2210 radidit.
658 2202 661 2207 .
1050 2176 1052 2181 ·

348 2224 381 2275 Et
399 2225 495 2278 Culicis
512 2228 634 2288 Auctor,
653 2227 698 2295 qui
716 2228 784 2277 certe
802 2222 996 2291 antiquissimus
1015 2233 1070 2282 est,
1088 2240 1115 2275 v.
1137 2228 1195 2278 116.

489 2335 494 2343 t
848 2290 967 2358 Orpheus
985 2290 1101 2340 Hebrum

419 2357 571 2409 Restantem
587 2359 671 2410 tenuit
686 2359 748 2428 ripis
767 2357 851 2425 sylvas
889 2356 1046 2407 ecanendo.
1074 2396 1081 2421 ,
1182 2388 1186 2395 ι

352 2422 384 2473 Et
408 2424 556 2486 Palladius,
584 2425 612 2476 in
647 2425 754 2494 Virgilii
786 2423 941 2482 curaretis,
970 2422 1032 2472 edit.
1059 2421 1240 2492 Lindeubrog‹

372 2505 443 2540 a.1
480 2525 487 2539 .
986 2496 989 2506 ¹
1207 2505 1212 2510 ·

352 2508 369 2558 Ρ
387 2507 403 2557 g
418 2507 556 2626 Mbiesque
573 2566 684 2626 agrestes
698 2555 824 2625 expolivit
840 2554 970 2623 Orpheus.
1177 2571 1195 2607 t-

292 2628 296 2639 ’
352 2619 500 2674 Demetrius
518 2634 605 2674 autem
623 2623 760 2687 Phalereus
785 2622 830 2672 ille
846 2621 901 2691 ipso
916 2632 975 2685 est,
998 2624 1072 2690 cujus
1088 2620 1157 2673 'abin
1175 2622 1241 2673 alias

353 2689 502 2741 excellentis
520 2689 618 2760 ingenii
636 2691 729 2750 dotes,
755 2700 812 2740 tum
835 2687 963 2759 imprimis
988 2688 1150 2745 doctrinam.
1178 2706 1242 2738 sus-

353 2772 466 2826 remque
482 2776 511 2808 ac
525 2757 645 2809 floridam
654 2756 830 2827 eloquentiam
844 2774 910 2825 saepe
923 2754 1242 2819 commendavitCirer03

355 2834 431 2892 atque
453 2827 524 2879 Orat,
540 2843 585 2889 pro
603 2826 707 2875 Rabirio
724 2824 815 2874 Postlr.
835 2841 856 2872 c.
876 2842 900 2887 9.
936 2813 1107 2887 Accipimus,
1132 2821 1240 2891 inquit.

354 2892 508 2941 Demetrium
526 2902 549 2939 et
573 2909 604 2949 ra
621 2891 761 2957 Republica
787 2889 916 2950 Athenis,
944 2906 1017 2955 quam
1042 2889 1132 2954 optime
1155 2907 1243 2957 gesse·

354 2967 411 3016 rat,
429 2968 453 3006 et
470 2976 500 3006 ea
518 2958 630 3006 doctriua
653 2958 758 3008 nobilem
775 2967 799 3004 et
816 2957 926 3013 clarium,
953 2957 994 3020 quii
1018 2957 1157 3006 Phalereus
1179 2957 1244 3006 rocia

355 3034 421 3072 tatus
438 3037 491 3086 est,
523 3024 649 3074 incudem
668 3026 713 3075 isto
739 3022 854 3090 Aegypti
878 3040 970 3089 reguo,
997 3023 1081 3088 aspide
1098 3023 1134 3072 ad
1151 3041 1241 3086 corpus

355 3091 476 3151 admotu,
501 3091 551 3142 vird
567 3109 620 3140 esse
634 3092 774 3156 priuatam.¹
801 3089 824 3141 is
841 3105 949 3156 nempe,
967 3099 997 3140 ut
1012 3089 1091 3139 refert
1107 3088 1242 3158 Diogenes

355 3156 488 3215 Laiirtius,
515 3157 573 3221 Lib.
592 3157 645 3216 V.‚
663 3158 725 3208 chm
741 3155 857 3206 Athenas
874 3154 982 3207 rexisset
998 3173 1029 3205 eo
1046 3172 1186 3216 successu,
1214 3166 1244 3207 ut

356 3223 445 3293 positae
462 3224 512 3294 ipsi
529 3224 623 3275 Statuas
641 3232 760 3275 trecentae
785 3237 814 3273 uc
832 3221 965 3291 sexaginta
986 3221 1100 3279 fuerint,
1132 3222 1243 3274 demum

356 3290 388 3341 ab
404 3290 607 3343 Atheniensibus
624 3290 715 3342 absens
732 3290 868 3343 (ternans
886 3300 939 3341 est:
964 3298 1064 3358 etpost
1081 3288 1242 3349 Cassandri.
1269 3348 1276 3357 ι

338 3357 516 3409 ‚Macedonia
532 3357 618 3424 regis,
641 3367 753 3408 mortem
769 3356 803 3406 ad
818 3355 988 3409 Ptolemaeum
1016 3372 1043 3406 se
1072 3356 1187 3407 contulit
1215 3355 1243 3408 in

355 3424 526 3493 Aegyptum,
547 3423 597 3491 ¹ubi
613 3422 659 3473 illo
676 3433 797 3482 mortuo,
824 3424 856 3474 ob
873 3433 973 3473 metum
989 3421 1155 3500 Philadelphi
1176 3434 1244 3474 'suc-

357 3492 480 3549 cessoris.
499 3500 610 3541 mortem
624 3489 680 3560 ipse
698 3489 746 3540 sibi
759 3490 917 3541 consciscere
933 3506 987 3559 nqn
1001 3487 1152 3542 dubitarit.r
1167 3488 1244 3540 idem

356 3555 486 3631 Diogenes
511 3573 571 3609 euin
595 3554 676 3611 fuisse
699 3555 762 3610 dicit
785 3555 1018 3627 Peripateticorum
1050 3553 1091 3606 sui
1114 3556 1245 3627 temporis
