2572 4162
360 230 365 261 '
543 239 705 326 DISPVT.
728 240 786 300 lll.
1053 265 1113 306 xxv

219 407 272 472 sed
306 407 446 470 conviciis
473 406 563 469 etiam
578 401 581 405 ’
596 404 799 490 proscindunt.
848 404 966 468 Horum
993 407 1114 489 quidem

220 511 394 566 censuram,
422 490 502 572 qudd
527 506 614 550 atrox
644 504 676 551 et
702 487 918 563 contumeliosa
944 491 982 549 sit
989 492 1115 565 „valde

219 573 377 654 improbo:
403 588 440 633 vat
463 573 548 632 fateri
569 592 680 653 cogor,
701 571 862 644 editionem
884 594 1004 633 omnem
1027 573 1121 653 istam·

218 654 339 717 Danetii
361 655 456 721 nostri
477 655 527 715 vix
549 654 646 736 aliqud
668 653 742 714 mihi
770 675 809 714 ex
832 669 916 733 parte
938 655 1031 715 visam
1051 678 1114 719 esse

219 736 502 799 commendabilem.
552 737 594 796 Ea
622 735 714 818 longo
747 751 815 816 post
843 752 1005 815 tempore,¹
1034 760 1114 800 anno
1187 798 1209 819 λ,

219 819 334 882 scilicet
358 821 453 901 1726,
486 817 597 880 ibidem
618 833 649 879 et
669 819 771 878 itidem
792 819 823 877 in
853 822 904 888 lto
925 838 1028 881 recusa
1049 835 1113 895 est,
1148 892 1149 896 η

219 917 308 984 atque
328 901 436 976 etiam,
470 901 495 961 si
515 899 603 961 titulo
624 900 776 976 creditur,
810 900 969 975 emendata
985 917 1016 963 et
1036 905 1115 964 notis

219 989 305 1045 aucta
326 982 538 1045 scientissimis:
568 997 600 1043 at
620 983 652 1042 in
672 984 726 1042 int
747 981 876 1042 hominis
901 983 1045 1065 incogniti
1065 990 1114 1046 lu-

219 1067 394 1128 cubratione
407 1064 481 1125 nihil
503 1066 566 1125 fare
587 1064 822 1125 animadvertere
839 1062 913 1123 mihi
935 1064 1034 1145 licuit,
1056 1069 1115 1130 nisi

217 1150 366 1211 iilscitiam
388 1161 518 1209 veterem
540 1149 618 1208 nova
638 1147 752 1207 inscitia
772 1145 963 1207 cumulatam.
1171 1224 1174 1229 .

281 1231 358 1291 cnm
393 1230 507 1292 videret
528 1231 610 1290 Petr.
644 1230 792 1304 Arrenius,
826 1228 971 1291 editiones
991 1227 1130 1314 Rigattii'

219 1312 292 1373 duas
318 1312 432 1396 priores
454 1333 516 1374 esse
542 1312 666 1373 inventu
685 1311 840 1386 difficiles,
871 1326 956 1373 notas
982 1315 1046 1393 ejus
1076 1312 1115 1374 ad

219 1393 298 1456 hane
331 1395 418 1455 etad
444 1393 527 1455 illam
562 1393 691 1471 adjectas
717 1393 816 1454 denuo
849 1393 880 1453 in
908 1389 1007 1456 lucem
1035 1418 1114 1457 anno

222 1481 316 1559 2671,
351 1477 382 1536 in
404 1480 479 1552 8ro,
512 1475 680 1616 Ηαιυδιιτῗ
700 1476 814 1554 emisit3
847 1472 1004 1559 atquc‘his
1024 1501 1115 1540 exor-

216 1559 284 1620 nari
311 1559 379 1620 satis
405 1573 437 1620 et
469 1558 611 1619 illustrari
638 1557 793 1637 Pedrum
820 1572 917 1632 ratus,
951 1560 1028 1620 nihil
1049 1563 1113 1622 fere

216 1663 256 1703 ex
276 1662 307 1703 se
328 1641 472 1717 contulit,
494 1641 551 1704 nisi
572 1640 653 1723 quod
673 1641 786 1725 librum
806 1639 960 1703 dumtaxat
979 1640 1136 1724 primurn.⁸

218 1724 491 1799 observationibus,
527 1745 589 1787 non
622 1723 777 1784 ineruditis
816 1723 954 1803 quidem,
989 1726 1048 1802 sed¹
1074 1725 1113 1789 ad

216 1819 334 1867 meram
366 1805 544 1889 plerumque
575 1804 770 1889 philologiam
802 1808 1019 1886 spectantibus,
1058 1830 1113 1872 ex-

216 1886 340 1971 planare
361 1892 528 1952 tentaverit.
664 1891 667 1896 ’
769 1906 771 1911 ·

282 1965 389 2032 Daniel
422 1970 639 2047 Hartnaccina,
671 1972 868 2048 Pomcranus,
895 1993 974 2033 anno
1013 1975 1112 2056 1697,
1209 2041 1213 2047 ,

217 2052 484 2134 Rudolphostadii,
514 2055 681 2136 sumptibus
702 2056 791 2134 loan.
818 2053 1035 2137 Wiedmeyeri,
1064 2058 1113 2118 bi-

216 2134 357 2218 blio'polae
379 2137 579 2213 laubacensis,
618 2136 711 2197 edidit
736 2137 768 2196 in
791 2142 848 2200 8vo
878 2135 990 2198 Phaedri
1022 2137 1113 2200 libros

176 2276 189 2292 f
208 2217 258 2285 Ὗ,
281 2218 451 2280 fabularum
473 2241 543 2280 cum
564 2219 715 2294 notis,=ut
734 2218 796 2300 ipse
816 2220 967 2303 loquitur,
989 2217 1114 2282 histori-

215 2301 276 2376 cis,
296 2299 480 2373 ritualibus„
503 2300 667 2362 moralibus
688 2314 718 2361 et
744 2302 952 2384 philologieis:
987 2303 1113 2382 spissum

192 2406 194 2411 ·
216 2404 308 2464 opus,
330 2383 507 2465 octingentis
527 2397 558 2445 et
576 2382 668 2464 paulo
689 2382 816 2465 amplitis
835 2385 950 2468 paginis
970 2398 1113 2467 compre4

216 2458 353 2528 hensum.
395 2467 443 2527 Ex
463 2467 634 2530 auctoribus
654 2464 705 2527 ille
727 2469 838 2530 Graecis
862 2482 893 2530 et
915 2469 1042 2545 Latinis,
1063 2491 1114 2531 sa·

216 2547 277 2609 cris
296 2562 328 2609 et
347 2549 496 2627 profanis,
529 2548 659 2610 infinitas
689 2570 784 2632 prope
811 2551 932 2612 lacinias
962 2551 1112 2628 obtrudit,

215 2631 324 2713 quibus
346 2630 502 2693 Phaedrum
521 2630 617 2692 multo
638 2632 742 2712 saepius
772 2635 888 2710 obruit,
922 2635 1013 2716 quam
1040 2632 1113 2696 illu-

216 2727 307 2775 strat:
330 2714 494 2796 gravissimi
515 2715 605 2775 ctiam
626 2735 661 2776 ac
674 2716 905 2796 frequentissimi
927 2737 1045 2777 errores
1066 2731 1113 2796 tp-

217 2797 396 2878 pographici
417 2809 528 2880 augent
555 2797 787 2878 importunitatis
813 2799 901 2878 hujus
928 2797 1112 2879 molestiam:

218 2899 282 2938 non
302 2881 412 2941 frustra
447 2894 548 2941 tamen
569 2879 666 2942 omnis
696 2879 869 2941 Hartnaccii
883 2881 983 2956 nostri
1005 2880 1116 2941 effusus

218 2975 263 3022 est
282 2960 388 3042 lah0r3
418 2962 562 3046 quosdam
582 2963 664 3023 enim
691 2960 788 3024 adhuc
811 2962 937 3023 inveniri
963 2957 1114 3023 Literato·

217 3060 267 3104 res
288 3058 377 3124 puto,
398 3067 474 3126 quos
493 3046 564 3122 ista,
587 3053 722 3127 quamvis
735 3036 859 3186 paulbm
880 3043 1034 3125 indigesta,
1055 3045 1113 3122 dos

218 3131 325 3189 ctrinae
344 3138 470 3190 varietas
491 3126 538 3188 rel
559 3127 679 3207 adjuret
699 3147 734 3186 ve
767 3135 858 3186 etiam
880 3125 1019 3188 oblectet.

282 3206 423 3268 Phaedrus
449 3229 519 3269 cum
551 3217 676 3295 integris
697 3215 919 3270 commentariis
950 3207 1114 3291 Marquar·

218 3285 253 3371 di,
278 3288 390 3363 Gudii,
421 3289 551 3351 Conradi
585 3291 797 3367 Rittershusii,
827 3285 944 3371 Nicolai
966 3290 1112 3373 Rigaltii,

219 3369 337 3433 Nicolai
364 3371 496 3447 Heinsii,
529 3372 602 3433 loan
629 3364 789 3449 Schclieri,
821 3373 905 3436 loon.
934 3372 1008 3433 Lud.
1037 3374 1114 3434 Pra-

218 3452 328 3533 schii,¹
348 3468 379 3514 et
400 3461 547 3536 excerptis
568 3454 712 3532 aliorum,
745 3478 824 3518 anno
850 3459 942 3539 1698,
964 3450 1113 3518 hmstelo·

220 3535 299 3599 dani
322 3536 354 3601 in
377 3540 434 3602 8vo
456 3535 570 3620 prodiit
589 3552 712 3601 curante
736 3535 827 3601 Petro
849 3538 1040 3617 Burmanno,
1061 3531 1113 3621 qul
